
@Article{	  saito-toriwaki94,
  author	= {Saito, T. and Toriwaki, J.-I.},
  title		= {New algorithms for {E}uclidean distance transformation of
		  an {$n$}-dimensional digitized picture with applications},
  journal	= {Pattern Recognition},
  year		= {1994},
  volume	= {27},
  number	= {11},
  pages		= {1551--1565},
  doi		= {10.1016/0031-3203(94)90133-3}
}

@Article{	  breen-jones96a,
  author	= {Breen, E. and Jones, R.},
  title		= {Attribute openings, thinnings, and granulometries},
  journal	= {\htmladdnormallink{Computer Vision and Image
		  Understanding}{http://www.academicpress.com/cviu}},
  year		= {1996},
  volume	= {64},
  number	= {3},
  pages		= {377-389},
  doi		= {10.1006/cviu.1996.0066}
}

@Article{	  hu62,
  author	= {Hu, M.-K.},
  title		= {Visual pattern recognition by moment invariants},
  journal	= {IRE Trans. Inf. Theory},
  year		= {1962},
  key		= {10.1109/TIT.1962.1057692},
  volume	= {8},
  number	= {2},
  pages		= {179-187}
}

@Book{		  richards-jia99,
  author	= {Richards, J. and Jia, X.},
  title		= {Remote sensing digital image analysis},
  publisher	= {\htmladdnormallink{Springer-Verlag}{http://www.springer.de}}
		  ,
  year		= {1999},
  edition	= {3rd}
}

@InProceedings{	  pesaresi-benediktsson2000ismm,
  author	= {Pesaresi, M. and Benediktsson, J.},
  title		= {Image segmentation based on the derivative of the
		  morphological profile},
  editor	= {Goutsias, J. and Vincent, L. and Bloomberg, D.},
  booktitle	= {Mathematical Morphology and its Applications to Image and
		  Signal Processing},
  volume	= {\htmladdnormallink{18}{http://www.springeronline.com/sgw/cda/frontpage/0,11855,5-40356-72-33359228-0,00.html}}
		  ,
  series	= {\htmladdnormallink{Computational Imaging and
		  Vision}{http://www.springeronline.com/sgw/cda/frontpage/0,11855,5-40356-69-33110349-0,00.html}}
		  ,
  year		= {2000},
  pages		= {179-188},
  publisher	= {\htmladdnormallink{Kluwer Academic
		  Publishers}{http://www.kap.nl}},
  address	= {Boston}
}

@Article{	  pesaresi-benediktsson2001,
  author	= {Pesaresi, M. and Benediktsson, J.},
  title		= {A new approach for the morphological segmentation of high
		  resolution satellite imagery},
  journal	= {\htmladdnormallink{IEEE }{http://www.ieee.org}
		  \htmladdnormallink{Transactions on Geoscience and Remote
		  Sensing}{http://www.ewh.ieee.org/soc/grss}},
  year		= {2001},
  volume	= {39},
  number	= {2},
  pages		= {309--320},
  month		= feb,
  doi		= {10.1109/36.905239}
}

@InProceedings{	  meijster-roerdink-hesselink2000,
  author	= {Meijster, A. and Roerdink, J. and Hesselink, W.},
  title		= {A general algorithm for computing distance transforms in
		  linear time},
  editor	= {Goutsias, J. and Vincent, L. and Bloomberg, D.},
  booktitle	= {Mathematical Morphology and its Applications to Image and
		  Signal Processing},
  volume	= {\htmladdnormallink{18}{http://www.springeronline.com/sgw/cda/frontpage/0,11855,5-40356-72-33359228-0,00.html}}
		  ,
  series	= {\htmladdnormallink{Computational Imaging and
		  Vision}{http://www.springeronline.com/sgw/cda/frontpage/0,11855,5-40356-69-33110349-0,00.html}}
		  ,
  year		= {2000},
  pages		= {331-340},
  publisher	= {\htmladdnormallink{Kluwer Academic
		  Publishers}{http://www.kap.nl}},
  address	= {Boston},
  url		= {http://oldwww.rug.nl/hpc/people/arnold/articles/ismm2000.pdf}
		  
}

@Article{	  hirata96,
  author	= {Hirata, T.},
  title		= {A unified linear-time algorithm for computing distance
		  maps},
  journal	= {\htmladdnormallink{Information Processing
		  Letters}{http://www.elsevier.com/locate/ipl}},
  volume	= {58},
  number	= {3},
  pages		= {129--133},
  month		= may,
  year		= {1996}
}

@Article{	  meijster-wilkinson2002,
  author	= {Meijster, A. and Wilkinson, M.},
  title		= {A comparison of algorithms for connected set openings and
		  closings},
  journal	= {\htmladdnormallink{IEEE }{http://www.ieee.org}
		  \htmladdnormallink{Transactions on Pattern Analysis and
		  Machine intelligence}{http://computer.org/tpami}},
  year		= {2002},
  doi		= {},
  volume	= {24},
  number	= {4},
  pages		= {484-494}
}

@InProceedings{	  salembier-ruiz2002,
  author	= {Salembier, P. and Ruiz, J.},
  title		= {On filters by reconstruction for size and motion
		  simplification},
  booktitle	= {Proceedings of {VI}th International Symposium on
		  Mathematical Morphology},
  pages		= {425-434},
  year		= {2002},
  editor	= {Talbot, H. and Beare, R.},
  address	= {Sydney, Australia},
  publisher	= {\htmladdnormallink{Commonwealth Scientific and Industrial
		  Research Organisation}{http://www.csiro.au}},
  url		= {http://www.cmis.csiro.au/ismm2002/proceedings/PDF/38_salembier.pdf}
		  
}

@Article{	  keys81,
  author	= {Keys, R.},
  title		= {Cubic convolution interpolation for digital image
		  processing},
  journal	= {\htmladdnormallink{IEEE }{http://www.ieee.org}
		  Transactions on Acoustics, Speech, and Signal Processing},
  year		= {1981},
  volume	= {29},
  number	= {6},
  pages		= {1153-1160},
  month		= dec
}

@Article{	  park-schowengerdt83,
  author	= {Park, S. and Schowengerdt, R.},
  title		= {Image reconstruction by parametric cubic convolution},
  journal	= {Computer Vision, Graphics, and Image Processing},
  doi		= {10.1016/0734-189X(83)90026-9},
  year		= {1983},
  volume	= {23},
  pages		= {258-272}
}

@Article{	  sobel78,
  author	= {Sobel, I.},
  title		= {Neighborhood coding for binary images for fast contour
		  following and general binary array processing},
  journal	= {Computer Graphics and Image Processing},
  year		= {1978},
  doi		= {10.1016/S0146-664X(78)80020-3},
  volume	= {8},
  number	= {1},
  pages		= {127-135},
  month		= aug
}

@Article{	  urbach-roerdink-wilkinson2007,
  author	= {Urbach, E. and Roerdink, J. and Wilkinson, M.},
  title		= {Connected shape-size pattern spectra for rotation and
		  scale-invariant classification of gray-scale images},
  journal	= {\htmladdnormallink{IEEE }{http://www.ieee.org}
		  \htmladdnormallink{Transactions on Pattern Analysis and
		  Machine intelligence}{http://computer.org/tpami}},
  year		= {2007},
  doi		= {10.1109/TPAMI.2007.28},
  volume	= {29},
  number	= {2},
  pages		= {272-285},
  month		= feb
}

@Article{	  tarboton97,
  author	= {Tarboton, D.},
  title		= {A new method for the determination of flow directions and
		  upslope areas in grid digital elevation models},
  journal	= {\htmladdnormallink{Water Resources
		  Research}{http://www.agu.org/pubs/agu_jourwrr.html}},
  year		= {1997},
  volume	= {33},
  number	= {2},
  pages		= {309-319},
  month		= feb,
  doi		= {10.1029/96WR03137}
}

@InProceedings{	  soille-vincent90,
  author	= {Soille, P. and Vincent, L.},
  title		= {Determining watersheds in digital pictures via flooding
		  simulations},
  booktitle	= {Visual Communications and Image Processing'90},
  location	= {Lausanne},
  editor	= {Kunt, M.},
  year		= {1990},
  volume	= {1360},
  pages		= {240-250},
  publisher	= {\htmladdnormallink{Society of Photo-Instrumentation
		  Engineers}{http://www.spie.org}},
  doi		= {10.1117/12.24211},
  address	= {Bellingham}
}

@Article{	  soille91,
  author	= {Soille, P.},
  title		= {Spatial distributions from contour lines: an efficient
		  methodology based on distance transformations},
  journal	= {\htmladdnormallink{Journal of Visual Communication and
		  Image Representation}{http://www.academicpress.com/jvcir}},
  year		= {1991},
  volume	= {2},
  number	= {2},
  pages		= {138-150},
  month		= jun,
  doi		= {10.1016/1047-3203(91)90004-Y}
}

@PhDThesis{	  soille92phd,
  author	= {Soille, P.},
  title		= {Morphologie Mathématique~: du Relief à la
		  Dimensionalité ---Algorithmes et Méthodes---},
  school	= {\htmladdnormallink{Université catholique de
		  Louvain}{http://www.uclouvain.be}~; en collaboration avec
		  l'\htmladdnormallink{Ecole des Mines de
		  Paris}{http://www.ensmp.fr}},
  year		= {1992},
  month		= feb,
  url		= {http://p.soille.free.fr/thesepir.pdf}
}

@Article{	  soille-gratin94,
  author	= {Soille, P. and Gratin, C.},
  title		= {An efficient algorithm for drainage networks extraction on
		  {DEM}s},
  journal	= {\htmladdnormallink{Journal of Visual Communication and
		  Image Representation}{http://www.academicpress.com/jvcir}},
  year		= {1994},
  month		= jun,
  volume	= {5},
  number	= {2},
  pages		= {181-189},
  doi		= {10.1006/jvci.1994.1017}
}

@Article{	  soille-breen-jones96,
  author	= {Soille, P. and Breen, E. and Jones, R.},
  title		= {Recursive implementation of erosions and dilations along
		  discrete lines at arbitrary angles},
  journal	= {\htmladdnormallink{IEEE }{http://www.ieee.org}
		  \htmladdnormallink{Transactions on Pattern Analysis and
		  Machine intelligence}{http://computer.org/tpami}},
  year		= {1996},
  month		= may,
  pages		= {562-567},
  volume	= {18},
  number	= {5},
  doi		= {10.1109/34.494646},
  url		= {http://www.computer.org/tpami/tp1996/i0562abs.htm}
}

@Book{		  soille99,
  author	= {Soille, P.},
  title		= {Morphological Image Analysis},
  subtitle	= {Principles and Applications},
  publisher	= {\htmladdnormallink{Springer-Verlag}{http://www.springer.de}}
		  ,
  year		= {1999},
  optisbn	= {3-540-65671-5},
  address	= {\htmladdnormallink{Berlin}{http://www.springer.de}
		  \htmladdnormallink{New York}{http://www.springer-ny.com}},
  psurl		= {http://p.soille.free.fr/book1st}
}

@Article{	  soille-talbot2001,
  author	= {Soille, P. and Talbot, H.},
  title		= {Directional morphological filtering},
  journal	= {\htmladdnormallink{IEEE }{http://www.ieee.org}
		  \htmladdnormallink{Transactions on Pattern Analysis and
		  Machine intelligence}{http://computer.org/tpami}},
  year		= {2001},
  volume	= {23},
  number	= {11},
  pages		= {1313-1329},
  month		= nov,
  doi		= {10.1109/34.969120},
  url		= {http://p.soille.free.fr/soille-talbot2001r.pdf}
}

@Article{	  ranwez-soille2002,
  author	= {Ranwez, V. and Soille, P.},
  title		= {Order independent homotopic thinning for binary and grey
		  tone anchored skeletons},
  journal	= {\htmladdnormallink{Pattern Recognition
		  Letters}{http://www.sciencedirect.com/science/journal/01678655}}
		  ,
  year		= {2002},
  volume	= {23},
  number	= {6},
  pages		= {687-702},
  month		= apr,
  doi		= {10.1016/S0167-8655(01)00146-5}
}

@Article{	  soille2002dgci,
  author	= {Soille, P.},
  title		= {Advances in the analysis of topographic features on
		  discrete images},
  journal	= {\htmladdnormallink{Lecture Notes in Computer
		  Science}{http://www.springer.de/comp/lncs/index.html}},
  year		= {2002},
  volume	= {2301},
  pages		= {175-186},
  month		= mar,
  doi		= {10.1007/3-540-45986-3},
  optnote	= {click
		  \htmladdnormallink{here}{http://p.soille.free.fr/soilledgci2002.pdf}
		  for a preprint}
}

@Book{		  soille2003sv,
  author	= {Soille, P.},
  title		= {Morphological Image Analysis: Principles and
		  Applications},
  psubtitle	= {Principles and Applications},
  edition	= {2nd},
  publisher	= {\htmladdnormallink{Springer-Verlag}{http://www.springer.de}}
		  ,
  year		= {2003},
  psisbn	= {3-540-42988-3},
  address	= {Berlin Heidelberg New York},
  purl		= {http://www.springer.de/cgi/svcat/search_book.pl?isbn=3-540-42988-3}
		  
}

@Article{	  soille2003dgci,
  author	= {Soille, P.},
  title		= {On the morphological processing of objects with varying
		  local contrast},
  journal	= {\htmladdnormallink{Lecture Notes in Computer
		  Science}{http://www.springer.de/comp/lncs/index.html}},
  year		= {2003},
  volume	= {\htmladdnormallink{2886}{http://www.springerlink.com/openurl.asp?genre=issue&issn=0302-9743&volume=2886}}
		  ,
  pages		= {52-61},
  month		= nov,
  optnote	= {Proc. of DGCI'03, Uppsala, Sweden},
  doi		= {10.1007/b94107}
}

@Article{	  soille-vogt-colombo2003wrr,
  author	= {Soille, P. and Vogt, J. and Colombo, R.},
  title		= {Carving and adpative drainage enforcement of grid digital
		  elevation models},
  journal	= {\htmladdnormallink{Water Resources
		  Research}{http://www.agu.org/pubs/agu_jourwrr.html}},
  year		= {2003},
  doi		= {10.1029/2002WR001879},
  volume	= {39},
  number	= {12},
  pages		= {1366},
  month		= dec
}

@Book{		  soille2004sv,
  author	= {Soille, P.},
  title		= {Morphological Image Analysis: Principles and
		  Applications},
  psubtitle	= {Principles and Applications},
  edition	= {corrected 2nd printing of the 2nd},
  publisher	= {\htmladdnormallink{Springer-Verlag}{http://www.springer.de}}
		  ,
  year		= {2004},
  psisbn	= {3-540-42988-3},
  address	= {Berlin and New York},
  purl		= {http://www.springer.de/cgi/svcat/search_book.pl?isbn=3-540-42988-3}
		  ,
  url		= {http://www.springer.com/engineering/signals/book/978-3-540-42988-3}
		  
}

@Article{	  soille2004wrr,
  author	= {Soille, P.},
  title		= {Optimal removal of spurious pits in grid digital elevation
		  models},
  journal	= {\htmladdnormallink{Water Resources
		  Research}{http://www.agu.org/pubs/agu_jourwrr.html}},
  year		= {2004},
  doi		= {10.1029/2004WR003060},
  volume	= {40},
  number	= {12},
  pages		= {W12509},
  month		= dec
}

@Article{	  soille2006pami,
  author	= {Soille, P.},
  title		= {Morphological image compositing},
  journal	= {\htmladdnormallink{IEEE }{http://www.ieee.org}
		  \htmladdnormallink{Transactions on Pattern Analysis and
		  Machine intelligence}{http://computer.org/tpami}},
  year		= {2006},
  volume	= {28},
  number	= {5},
  pages		= {673-683},
  month		= may,
  doi		= {10.1109/TPAMI.2006.99}
}

@Article{	  brunner-soille2007,
  author	= {Brunner, D. and Soille, P.},
  title		= {Iterative area filtering of multichannel images},
  journal	= {\htmladdnormallink{Image and Vision
		  Computing}{http://www.elsevier.com/locate/imavis}},
  year		= {2007},
  doi		= {10.1016/j.imavis.2006.09.002},
  volume	= {25},
  number	= {8},
  pages		= {1352-1364},
  month		= aug
}

@Article{	  soille2008pami,
  author	= {Soille, P.},
  title		= {Constrained connectivity for hierarchical image
		  partitioning and simplification},
  journal	= {\htmladdnormallink{IEEE }{http://www.ieee.org}
		  \htmladdnormallink{Transactions on Pattern Analysis and
		  Machine intelligence}{http://computer.org/tpami}},
  year		= {2008},
  doi		= {10.1109/TPAMI.2007.70817},
  volume	= {30},
  number	= {7},
  pages		= {1132-1145},
  month		= jul,
  optnote	= {[Available as online preprint since 18 October 2007]},
  pubsy-id	= {JRC36392}
}

@InProceedings{	  gueguen-soille-pesaresi2010icpr,
  author	= {Gueguen, L. and Soille, P. and Pesaresi, M.},
  title		= {Differential morphological decomposition segmentation: a
		  multi-scale object based image description},
  doi		= {10.1109/ICPR.2010.235},
  booktitle	= {Proc. of 20th Int. Conf. on Pattern Recognition},
  pages		= {938-941},
  year		= {2010},
  address	= {Istanbul},
  month		= aug,
  publisher	= {IEEE}
}

@Article{	  soille2010ijrs,
  author	= {Soille, P.},
  title		= {Constrained connectivity for the processing of very high
		  resolution satellite images},
  journal	= {\htmladdnormallink{International Journal of Remote
		  Sensing}{http://www.tandf.co.uk/journals}},
  year		= {2010},
  doi		= {10.1080/01431161.2010.512622},
  volume	= {31},
  number	= {22},
  pages		= {5879-5893},
  month		= jul
}

@Article{	  soille2011ismm,
  author	= {Soille, P.},
  title		= {Preventing chaining through transitions while favouring it
		  within homogeneous regions},
  doi		= {10.1007/978-3-642-21569-8_9},
  journal	= {\htmladdnormallink{Lecture Notes in Computer
		  Science}{http://www.springer.de/comp/lncs/index.html}},
  pages		= {96--107},
  year		= {2011},
  volume	= {6671}
}

@Article{	  gueguen-soille2011ismm,
  author	= {Gueguen, L. and Soille, P.},
  title		= {Frequent and dependent connectivities},
  doi		= {10.1007/978-3-642-21569-8_11},
  journal	= {\htmladdnormallink{Lecture Notes in Computer
		  Science}{http://www.springer.de/comp/lncs/index.html}},
  pages		= {120--131},
  year		= {2011},
  volume	= {6671}
}

@TechReport{	  evenden2003,
  author	= {Evenden, G.},
  title		= {Cartographic projection procedures for the {UNIX}
		  environment --- A user's manual},
  institution	= {\htmladdnormallink{United States Geological
		  Survey}{http://www.usgs.gov}},
  year		= {2003},
  url		= {ftp://ftp.remotesensing.org/pub/proj/OF90-284.pdf},
  number	= {90-284},
  address	= {Woods Hole, MA 02543},
  month		= may
}

@InProceedings{	  irish2000,
  author	= {Irish, R.},
  title		= {Landsat 7 automatic cloud cover assessment},
  booktitle	= {Proc. of Algorithms for Multispectral, Hyperspectral, and
		  Ultraspectral Imagery VI},
  pages		= {348-355},
  doi		= {10.1117/12.410358},
  year		= {2000},
  editor	= {S. Shen and M. Descour},
  volume	= {4049},
  month		= aug,
  publisher	= {\htmladdnormallink{Society of Photo-Instrumentation
		  Engineers}{http://www.spie.org}}
}

@Article{	  hall-riggs-salomonson95,
  author	= {D. Hall and G. Riggs and V. Salomonson},
  title		= {Development of methods for mapping global snow cover using
		  moderate resolution imaging spectroradiometer data},
  journal	= {\htmladdnormallink{Remote Sensing of
		  Environment}{http://www.elsevier.com/locate/rse}},
  year		= {95},
  doi		= {10.1016/0034-4257(95)00137-P},
  volume	= {54},
  number	= {2},
  pages		= {127-140},
  month		= nov
}

@Article{	  tucker79,
  author	= {Tucker, C.},
  title		= {Red and photographic infrared linear combinations for
		  monitoring vegetation},
  journal	= {\htmladdnormallink{Remote Sensing of
		  Environment}{http://www.elsevier.com/locate/rse}},
  year		= {1979},
  url		= {http://dx.doi.org/10.1016/0034-4257(79)90013-0},
  volume	= {8},
  number	= {2},
  pages		= {127-150},
  month		= may,
  psote		= {Reference for NDVI}
}

@Article{	  fliegel-flandern68,
  author	= {Fliegel, H. and Van Flandern, T.},
  title		= {A machine algorithm for processing calendar dates},
  journal	= {\htmladdnormallink{Communications of the
		  ACM}{http://www.acm.org/cacm}},
  year		= {1968},
  volume	= {11},
  number	= {10},
  pages		= {657},
  month		= oct
}

@InProceedings{	  lewis95,
  author	= {Lewis, J. },
  title		= {Fast normalized cross-correlation},
  booktitle	= {Vision Interface},
  pages		= {120-123},
  year		= {1995}
}

@Article{	  barnea-silverman72,
  author	= {Barnea, D. and Silverman, H.},
  title		= {A class of algorithms for fast digital registration},
  journal	= {\htmladdnormallink{IEEE }{http://www.ieee.org}
		  \htmladdnormallink{Transactions on
		  Computers}{http://www.computer.org/tc}},
  year		= {1972},
  doi		= {10.1109/TC.1972.5008923},
  volume	= {C-21},
  number	= {2},
  pages		= {179-186},
  month		= nov
}

@InProceedings{	  kuglin-hines75,
  author	= {Kuglin, C. and Hines, D.},
  title		= {The phase correlation image alignment method},
  doi		= {not yet available},
  booktitle	= {Proc. IEEE Conf. on Cybernetics and Society},
  pages		= {163-165},
  year		= {1975},
  publisher	= {IEEE},
  psote		= {20120808: First description of the use of inverse Fourier
		  transform of the phase of the cross-power spectrum of 2
		  images to determine the shift between these two images.}
}

@TechReport{	  krause2005,
  author	= {Krause, K.},
  title		= {Radiometric use of {Q}uick{B}ird imagery},
  institution	= {DigitalGlobe Inc.},
  url		= {file:///airsid/epapers/calibration/krause2005_QuickBird_technote_raduse_v1.pdf}
		  ,
  year		= {2005},
  address	= {Longmond, Colorado}
}

@TechReport{	  taylor2009,
  author	= {Taylor, M.},
  title		= {{IKONOS} planetary reflectance and mean solar
		  exoatmospheric irradiance},
  institution	= {GeoEye Inc.},
  year		= {2009},
  url		= {http://www.geoeye.com/CorpSite/assets/docs/technical-papers/2009/IKONOS_Esun_Calculations.pdf}
		  ,
  address	= {Dulles, VA}
}
