
@MastersThesis{	  soille88,
  author	= {Soille, P.},
  title		= {Mod\`eles Num\'eriques de Terrain et Morphologie
		  Math\'ematique~: D\'elimitation Automatique de Bassins
		  Versants},
  school	= {Université catholique de Louvain, Louvain-la-Neuve,
		  Belgium},
  year		= {1988},
  month		= jun
}

@InProceedings{	  soille89ulm,
  author	= {Soille, P.},
  title		= {Mod\`eles num\'eriques de terrain et morphologie
		  math\'ematique~: d\'elimitation automatique de bassins
		  versants},
  booktitle	= {2èmes Journées Utilités et Limites des Modèles en
		  Hydrologie},
  year		= {1989},
  publisher	= {ORSTOM},
  address	= {Montpellier, France},
  pages		= {12-13}
}

@InProceedings{	  soille90ulm,
  author	= {Soille, P.},
  title		= {Génération de {MNT} à partir de fonctions distances},
  booktitle	= {3èmes Journées Utilités et Limites des Modèles en
		  Hydrologie},
  location	= {Montpellier},
  editor	= {Depraetere, C.},
  year		= {1990},
  publisher	= {ORSTOM},
  address	= {Montpellier},
  pages		= {1-14}
}

@InProceedings{	  soille-vincent90,
  author	= {Soille, P. and Vincent, L.},
  title		= {Determining watersheds in digital pictures via flooding
		  simulations},
  booktitle	= {Visual Communications and Image Processing'90},
  location	= {Lausanne},
  editor	= {Kunt, M.},
  year		= {1990},
  volume	= {1360},
  pages		= {240-250},
  publisher	= {Society of Photo-Instrumentation Engineers},
  doi		= {10.1117/12.24211},
  address	= {Bellingham}
}

@Article{	  soille-ansoult90,
  author	= {Soille, P. and Ansoult, M.},
  title		= {Automated basin delineation from Digital Elevation Models
		  using mathematical morphology},
  doi		= {10.1016/0165-1684(90)90127-K},
  journal	= {Signal Processing},
  year		= {1990},
  volume	= {20},
  pages		= {171-182},
  month		= jun
}

@Article{	  ansoult-soille-loodts90,
  author	= {Ansoult, M. and Soille, P. and Loodts, J.},
  title		= {Mathematical Morphology: a tool for automated {GIS} data
		  acquisition from scanned thematic maps},
  journal	= {Photogrammetric Engineering and Remote Sensing},
  year		= {1990},
  volume	= {56},
  number	= {9},
  pages		= {1263-1271},
  month		= sep,
  url		= {https://eserv.asprs.org/PERS/1990journal/sep/1990_sep_1263-1271.pdf}
}

@Article{	  soille91,
  author	= {Soille, P.},
  title		= {Spatial distributions from contour lines: an efficient
		  methodology based on distance transformations},
  journal	= {Journal of Visual Communication and Image Representation},
  year		= {1991},
  volume	= {2},
  number	= {2},
  pages		= {138-150},
  month		= jun,
  doi		= {10.1016/1047-3203(91)90004-Y}
}

@Article{	  vincent-soille91,
  author	= {Vincent, L. and Soille, P.},
  title		= {Watersheds in digital spaces: an efficient algorithm based
		  on immersion simulations},
  journal	= {IEEE Transactions on Pattern Analysis and Machine
		  Intelligence},
  year		= {1991},
  volume	= {13},
  number	= {6},
  pages		= {583-598},
  month		= jun,
  doi		= {10.1109/34.87344},
  optabstract	= {http://computer.org/tpami/tp1991/i0583abs.htm}
}

@PhDThesis{	  soille92phd,
  author	= {Soille, P.},
  title		= {Morphologie Mathématique~: du Relief à la
		  Dimensionalité ---Algorithmes et Méthodes---},
  school	= {Université catholique de Louvain~; en collaboration avec
		  l'Ecole des Mines de Paris},
  year		= {1992},
  month		= feb
}

@Booklet{	  soille-rivest92,
  author	= {Soille, P. and Rivest, J.-F.},
  title		= {Principles and applications of morphological image
		  analysis},
  howpublished	= {Tutorial booklet of the 11th IAPR {I}nternational
		  {C}onference on {P}attern {R}ecognition, Den Haag},
  time		= {29 August 1992},
  month		= aug,
  year		= {1992}
}

@InProceedings{	  rivest-soille-beucher92,
  author	= {Rivest, J.-F. and Soille, P. and Beucher, S.},
  title		= {Morphological gradients},
  booktitle	= {Nonlinear image processing~III},
  editor	= {Dougherty, E. and Astola, J. and Boncelet, G.},
  year		= {1992},
  volume	= {1658},
  publisher	= {Society of Photo-Instrumentation Engineers},
  doi		= {10.1117/12.58373},
  month		= feb,
  pages		= {139-150}
}

@Article{	  rivest-serra-soille92,
  author	= {Rivest, J.-F. and Serra, J. and Soille, P.},
  title		= {Dimensionality in image analysis},
  journal	= {Journal of Visual Communication and Image Representation},
  doi		= {10.1016/1047-3203(92)90011-H},
  year		= {1992},
  pages		= {137-146},
  volume	= {3},
  number	= {2}
}

@Article{	  soille92,
  author	= {Soille, P.},
  title		= {Partitioning of multispectral images using mathematical
		  morphology},
  journal	= {Vision {\&} Voice Magazine},
  pages		= {283-293},
  volume	= {6},
  number	= {4},
  year		= {1992}
}

@InProceedings{	  tuzikov-soille-jeulin92,
  title		= {Extraction of grid lines on stamped metal pieces using
		  mathematical morphology},
  author	= {Tuzikov, A. and Soille, P. and Jeulin, D. and Bruneel, H.
		  and Vermeulen, M.},
  year		= {1992},
  doi		= {10.1109/ICPR.1992.201591},
  booktitle	= {Proc. 11th IAPR International Conference on Pattern
		  Recognition, Conference A: Computer Vision and
		  Applications},
  volume	= {1},
  pages		= {425-428},
  address	= {The Hague},
  month		= sep
}

@InProceedings{	  soille-serra-rivest92,
  author	= {Soille, P. and Serra, J. and Rivest, J.-F.},
  title		= {Dimensional measurements and operators in mathematical
		  morphology},
  booktitle	= {Nonlinear image processing~III},
  editor	= {Dougherty, E. and Astola, J. and Boncelet, G.},
  year		= {1992},
  volume	= {1658},
  publisher	= {Society of Photo-Instrumentation Engineers},
  month		= feb,
  doi		= {10.1117/12.58372},
  pages		= {127-138}
}

@Article{	  rivest-soille-beucher93,
  author	= {Rivest, J.-F. and Soille, P. and Beucher, S.},
  title		= {Morphological gradients},
  journal	= {Journal of Electronic Imaging},
  month		= oct,
  volume	= {2},
  number	= {4},
  pages		= {326-336},
  year		= {1993},
  doi		= {10.1117/12.159642}
}

@InProceedings{	  soille93a,
  author	= {Soille, P.},
  title		= {The geodesic time function: {P}rinciples and
		  applications},
  booktitle	= {The 1993 International Conference on Confocal Microscopy
		  {\&} {3D} Image Processing},
  year		= {1993},
  pages		= {107},
  address	= {Sydney},
  month		= feb
}

@InCollection{	  soille93b,
  author	= {Soille, P.},
  title		= {Partitioning of multispectral images using mathematical
		  morphology},
  booktitle	= {Vision Jahrbuch 1993},
  publisher	= {European Media Service},
  address	= {Witzmannsberg, Germany},
  year		= {1993},
  editor	= {Oehrl, S.},
  pages		= {II.33--II.43}
}

@InProceedings{	  breen-soille93,
  author	= {Breen, E. and Soille, P.},
  title		= {Generalization of van {H}erk recursive erosion/dilation
		  algorithm to lines at arbitrary angles},
  booktitle	= {Proc. DICTA'93: Digital Image Computing: Techniques and
		  Applications},
  year		= {1993},
  editor	= {Fung, K. and Ginige, A.},
  pages		= {549-555},
  publisher	= {Australian Pattern Recognition Society},
  address	= {Sydney},
  month		= dec
}

@InProceedings{	  soille-rivest93,
  author	= {Soille, P. and Rivest, J.-F.},
  title		= {Dimensionality of morphological operators and cluster
		  analysis},
  booktitle	= {Image algebra and morphological image processing IV},
  volume	= {2030},
  publisher	= {Society of Photo-Instrumentation Engineers},
  doi		= {10.1117/12.146676},
  editor	= {Dougherty, E. and Gader, P. and Serra, J.},
  year		= {1993},
  pages		= {43-53},
  month		= jul
}

@Article{	  soille94,
  author	= {Soille, P.},
  title		= {Generalized geodesy via geodesic time},
  journal	= {Pattern Recognition Letters},
  volume	= {15},
  number	= {12},
  pages		= {1235-1240},
  month		= dec,
  year		= {1994},
  doi		= {10.1016/0167-8655(94)90113-9}
}

@InCollection{	  soille94perso,
  author	= {Soille, P.},
  title		= {Generalized geodesic distances applied to interpolation
		  and shape description},
  booktitle	= {Mathematical Morphology and its Applications to Image
		  Processing},
  doi		= {10.1007/978-94-011-1040-2_25},
  publisher	= {Kluwer Academic Publishers},
  year		= {1994},
  editor	= {Serra, J. and Soille, P.},
  series	= {Computational Imaging and Vision},
  volume	= {2},
  pages		= {193-200}
}

@Book{		  serra-soille94aperso,
  title		= {Mathematical Morphology and its Applications to Image
		  Processing},
  publisher	= {Kluwer Academic Publishers},
  year		= {1994},
  editor	= {Serra, J. and Soille, P.},
  series	= {Computational Imaging and Vision},
  volume	= {2},
  address	= {Dordrecht},
  doi		= {10.1007/978-94-011-1040-2}
}

@Book{		  serra-soille94bperso,
  title		= {{ISMM}'94: {M}athematical Morphology and its Applications
		  to Image Processing ---{P}oster contributions---},
  publisher	= {Ecole des Mines de Paris},
  year		= {1994},
  editor	= {Serra, J. and Soille, P.}
}

@InProceedings{	  soille-rivest94perso,
  author	= {Soille, P. and Rivest, J.-F.},
  title		= {On the robustness of fractal dimension measurements in
		  image analysis},
  booktitle	= {{ISMM}'94: {M}athematical morphology and its applications
		  to image processing ---{P}oster Contributions---},
  year		= {1994},
  editor	= {Serra, J. and Soille, P.},
  pages		= {25--26},
  publisher	= {Ecole des Mines de Paris},
  month		= sep
}

@Article{	  soille-gratin94,
  author	= {Soille, P. and Gratin, C.},
  title		= {An efficient algorithm for drainage networks extraction on
		  {DEM}s},
  journal	= {Journal of Visual Communication and Image Representation},
  year		= {1994},
  month		= jun,
  volume	= {5},
  number	= {2},
  pages		= {181-189},
  doi		= {10.1006/jvci.1994.1017}
}

@Article{	  soille-nickolay-koeppen94,
  author	= {Soille, P. and Nickolay, B. and Köppen, M.},
  title		= {A modular system for image segmentation based on watershed
		  transformation},
  journal	= {Vision Magazine},
  pages		= {118-120},
  volume	= {94},
  number	= {2},
  year		= {1994}
}

@InProceedings{	  rivest-soille94,
  author	= {Rivest, J.-F. and Soille, P.},
  title		= {Physical significance of measurements in images},
  booktitle	= {Proc. IEEE Instrumentation and Measurement Technology
		  Conference},
  year		= {1994},
  pages		= {1431-1434},
  address	= {Hamamatsu},
  month		= may,
  doi		= {10.1109/IMTC.1994.352165}
}

@InProceedings{	  peyrard-etal95,
  author	= {Peyrard, R. and Soille, P. and Klein, J.-C. and Tuzikov,
		  A.},
  title		= {A dedicated hardware system for the extraction of grid
		  patterns on stamped metal sheets},
  booktitle	= {Proc. of 1995 IEEE Workshop on Nonlinear Signal and Image
		  Processing},
  year		= {1995},
  editor	= {Pitas, I.},
  address	= {Neos Marmaras},
  pages		= {867-870},
  oldurl	= {http://poseidon.csd.auth.gr/Workshop/papers/p_34_3.html},
  month		= jun
}

@InProceedings{	  soille-breen-jones95,
  author	= {Soille, P. and Breen, E. and Jones, R.},
  title		= {A fast algorithm for min/max filters along lines of
		  arbitrary orientation},
  booktitle	= {Proc. of 1995 IEEE Workshop on Nonlinear Signal and Image
		  Processing},
  year		= {1995},
  editor	= {Pitas, I.},
  address	= {Neos Marmaras},
  pages		= {987-990},
  month		= jun
}

@Article{	  rivest-soille95,
  author	= {Rivest, J.-F. and Soille, P.},
  title		= {Physical significance of image measurements},
  journal	= {IEEE Transactions on Instrumentation and Measurements},
  year		= {1995},
  volume	= {44},
  number	= {3},
  pages		= {751-754},
  month		= jun,
  doi		= {10.1109/19.387324}
}

@Article{	  soille96jei,
  author	= {Soille, P.},
  title		= {Morphological partitioning of multispectral images},
  journal	= {Journal of Electronic Imaging},
  year		= {1996},
  volume	= {5},
  number	= {3},
  pages		= {252-265},
  month		= jul,
  doi		= {10.1117/12.240258}
}

@InProceedings{	  soille96b,
  author	= {Soille, P.},
  title		= {Morphological Image Processing},
  editor	= {Parkin, R. and Lima, M. and King, T.},
  pages		= {25--36},
  booktitle	= {Proceedings of the Euro Conference Vision and Control
		  Aspects of Mechatronics},
  year		= {1996},
  address	= {Guimar\~aes, Portugal},
  isbn		= {ISBN 972-8063-07-5}
}

@Article{	  soille-rivest96,
  author	= {Soille, P. and Rivest, J.-F.},
  title		= {On the validity of fractal dimension measurements in image
		  analysis},
  journal	= {Journal of Visual Communication and Image Representation},
  year		= {1996},
  volume	= {7},
  number	= {3},
  pages		= {217--229},
  month		= sep,
  doi		= {10.1006/jvci.1996.0020}
}

@InCollection{	  rivest-soille-beucher96,
  author	= {Rivest, J.-F. and Soille, P. and Beucher, S.},
  title		= {Morphological gradients},
  booktitle	= {Selected Papers on Morphological Image Processing:
		  {P}rinciples and Optoelectronic Implementations},
  publisher	= {Society for Photo-Optical Instrumentation Engineers},
  year		= {1996},
  editor	= {Szoplik, T.},
  volume	= {MS~127},
  series	= {SPIE Milestones Series},
  pages		= {295--305},
  isbn		= {ISBN 0-8194-2284-3}
}

@Misc{		  soille96cdrom,
  author	= {Soille, P.},
  title		= {Analyse d'images appliquée au traitement des données de
		  terrain},
  howpublished	= {CDROM des VIèmes Entretiens d'Agropolis, Atelier~1},
  address	= {Montpellier},
  year		= {1996}
}

@InProceedings{	  soille96agro,
  author	= {Soille, P.},
  title		= {Analyse d'images appliquée au traitement des données de
		  terrain},
  pages		= {21},
  booktitle	= {VIèmes entretiens {AGROPOLIS}},
  year		= {1996},
  address	= {Montpellier}
}

@Article{	  soille-breen-jones96,
  author	= {Soille, P. and Breen, E. and Jones, R.},
  title		= {Recursive implementation of erosions and dilations along
		  discrete lines at arbitrary angles},
  journal	= {IEEE Transactions on Pattern Analysis and Machine
		  Intelligence},
  year		= {1996},
  month		= may,
  pages		= {562-567},
  volume	= {18},
  number	= {5},
  doi		= {10.1109/34.494646},
  url		= {http://www.computer.org/tpami/tp1996/i0562abs.htm}
}

@InCollection{	  jones-soille96a,
  author	= {Jones, R. and Soille, P.},
  title		= {Periodic lines and their applications to granulometries},
  editor	= {Maragos, P. and Schafer, W. and Butt, M.},
  pages		= {264-272},
  booktitle	= {Mathematical Morphology and its Applications to Image and
		  Signal Processing},
  year		= {1996},
  publisher	= {Kluwer Academic Publishers},
  series	= {Computational Imaging and Vision},
  volume	= {5},
  doi		= {10.1007/978-1-4613-0469-2_30}
}

@Article{	  jones-soille96b,
  author	= {Jones, R. and Soille, P.},
  title		= {Periodic lines: definition, cascades, and application to
		  granulometries},
  journal	= {Pattern Recognition Letters},
  year		= {1996},
  volume	= {17},
  number	= {10},
  pages		= {1057--1063},
  month		= sep,
  doi		= {10.1016/0167-8655(96)00066-9}
}

@InProceedings{	  soille97a,
  author	= {Soille, P.},
  title		= {Geodesic transformations and metrics: an overview},
  editor	= {Banon, G.},
  pages		= {1--48},
  booktitle	= {Brazilian Workshop'97 on Mathematical Morphology,
		  mini-course~II},
  year		= {1997},
  organization	= {Instituto Nacional de Pesquisas Espaciais},
  address	= {CP 515, CEP 12201-970 São José dos Campos, SP, Brazil},
  month		= feb
}

@InProceedings{	  soille97b,
  author	= {Soille, P.},
  title		= {From half-plane closings to convex hulls},
  editor	= {Banon, G.},
  pages		= {2},
  booktitle	= {Brazilian Workshop'97 on Mathematical Morphology},
  year		= {1997},
  organization	= {Instituto Nacional de Pesquisas Espaciais},
  address	= {CP 515, CEP 12201-970 São José dos Campos, SP, Brazil},
  month		= feb,
  oldurl	= {http://www.inpe.br/~banon/URLib2/col/dpi.inpe.br/banon/1997/02.03.20.07/doc/tag.html}
}

@InProceedings{	  soille97c,
  author	= {Soille, P.},
  title		= {Segmentation of multispectral images using mathematical
		  morphology},
  editor	= {Banon, G.},
  pages		= {2},
  booktitle	= {Brazilian Workshop'97 on Mathematical Morphology},
  year		= {1997},
  organization	= {Instituto Nacional de Pesquisas Espaciais},
  address	= {CP 515, CEP 12201-970 São José dos Campos, SP, Brazil},
  month		= feb,
  oldurl	= {http://www.inpe.br/~banon/URLib2/col/dpi.inpe.br/banon/1996/10.18.18.28/doc/tag.html}
}

@Booklet{	  soille97hdr,
  author	= {Soille, P.},
  title		= {Analyse d'images par la morphologie mathématique},
  howpublished	= {Thèse d'habilitation à diriger des recherches,
		  Université Montpellier~II, France},
  year		= {1997},
  month		= {Mars}
}

@InCollection{	  soille98a,
  author	= {Soille, P.},
  booktitle	= {Mathematical Morphology and its Applications to Image and
		  Signal Processing},
  title		= {Morphological unwrapping of interferometric phase-maps},
  publisher	= {Kluwer Academic Publishers},
  year		= {1998},
  editor	= {Heijmans, H. and Roerdink, J.},
  pages		= {383--390},
  volume	= {12},
  series	= {Computational Imaging and Vision},
  address	= {Dordrecht}
}

@InCollection{	  soille98b,
  author	= {Soille, P.},
  booktitle	= {Mathematical Morphology and its Applications to Image and
		  Signal Processing},
  title		= {Grey scale convex hulls: definition, implementation, and
		  application},
  publisher	= {Kluwer Academic Publishers},
  year		= {1998},
  editor	= {Heijmans, H. and Roerdink, J.},
  pages		= {83--90},
  volume	= {12},
  series	= {Computational Imaging and Vision},
  address	= {Dordrecht}
}

@Booklet{	  soille98c,
  author	= {Soille, P.},
  title		= {Mathematical morphology for image analysis and pattern
		  recognition},
  howpublished	= {Tutorial booklet of the 14th IAPR {I}nternational
		  {C}onference on {P}attern {R}ecognition, {B}risbane},
  month		= aug,
  time		= {August 16 1998},
  year		= {1998}
}

@Book{		  soille98d,
  author	= {Soille, P.},
  title		= {Morphologische Bildverarbeitung},
  subtitle	= {Grundlagen, {M}ethoden, {A}nwendungen},
  publisher	= {Springer-Verlag},
  doi		= {10.1007/978-3-642-72190-8},
  year		= {1998},
  isbn		= {3-540-64323-0},
  address	= {Berlin, Heidelberg}
}

@InProceedings{	  talbot-soille98,
  author	= {Talbot, H. and Soille, P.},
  title		= {Advances in Directional Image Analysis using {MM}},
  editor	= {Uylings, H.},
  pages		= {48},
  booktitle	= {7th European Congress for Stereology},
  year		= {1998},
  address	= {Amsterdam},
  month		= apr
}

@InProceedings{	  soille-talbot98,
  author	= {Soille, P. and Talbot, H.},
  title		= {Image structure orientation using mathematical
		  morphology},
  doi		= {10.1109/ICPR.1998.711982},
  editor	= {Jain, A. and Venkatesh, S. and Lovell, B.},
  pages		= {1467-1469},
  volume	= {2},
  booktitle	= {14th International Conference on Pattern Recognition},
  year		= {1998},
  optorganization={IAPR},
  publisher	= {IEEE Computer Society},
  address	= {Brisbane},
  month		= aug
}

@InProceedings{	  whelan-soille98,
  author	= {Whelan, P. and Soille, P.},
  title		= {Watermark extraction in paper samples},
  editor	= {Vernon, D.},
  pages		= {287-299},
  booktitle	= {Proc. Optical Engineering Society of Ireland {\&} Irish
		  Machine Vision and Image Processing Joint Conference},
  year		= {1998},
  address	= {National University of Ireland, Maynooth},
  month		= sep
}

@InProceedings{	  koeppen-ruiz-soille98,
  author	= {Köppen, M. and {Ruiz-del-Solar}, J. and Soille, P.},
  title		= {Texture Segmentation by Biologically-Inspired Use of
		  Neural Networks and Mathematical Morphology},
  editor	= {Heiss, M.},
  pages		= {267-272},
  booktitle	= {NC'98, International ICSC/IFAC Symposium on Neural
		  Computation},
  year		= {1998},
  publisher	= {ICSC Academic Press},
  address	= {Wien},
  url		= {http://www.vision.fhg.de/ipk/publikationen/pdf/nc98.pdf},
  month		= sep
}

@Book{		  soille99,
  author	= {Soille, P.},
  title		= {Morphological Image Analysis},
  subtitle	= {Principles and Applications},
  publisher	= {Springer-Verlag},
  year		= {1999},
  optisbn	= {3-540-65671-5},
  address	= {Berlin, New York}
}

@Article{	  ranwez-soille99,
  author	= {Ranwez, V. and Soille, P.},
  title		= {Order independent homotopic thinning},
  opteditor	= {Bertrand, G. and Couprie, M. and Perroton, L.},
  journal	= {Lecture Notes in Computer Science},
  volume	= {\htmladdnormallink{1568}{http://link.springer.de/link/service/series/0558/tocs/t2301.htm}},
  pages		= {337-346},
  doi		= {10.1007/3-540-49126-0},
  optbooktitle	= {Proc. of Discrete Geometry for Computer Imagery'99},
  year		= {1999},
  publisher	= {Springer-Verlag}
}

@InProceedings{	  arrighi-soille99,
  author	= {Arrighi, P. and Soille, P.},
  title		= {From scanned topographic maps to digital elevation
		  models},
  booktitle	= {Proc. of Geovision'99: {I}nternational Symposium on
		  Imaging Applications in Geology},
  pages		= {1--4},
  year		= {1999},
  editor	= {Jongmans, D. and Pirard, E. and Trefois, P.},
  month		= may,
  publisher	= {Université de Liège, Belgium}
}

@InProceedings{	  soille99wta98,
  author	= {Soille, P.},
  title		= {Morphological texture analysis: a survey},
  editor	= {Burkhardt, H.},
  editor-url	= {http://www.informatik.uni-freiburg.de/~lmb/people/burkhardt/index.html},
  booktitle	= {Proc. of WTA'98: Workshop on Texture Analysis 1998},
  chapter	= {14},
  year		= {1999},
  pages		= {193--207},
  publisher	= {Albert-Ludwigs-Universität, Institut für Informatik},
  publisher-url	= {http://www.informatik.uni-freiburg.de},
  address	= {Freiburg im Breisgau},
  month		= mar
}

@InCollection{	  soille99hbcv1,
  author	= {Soille, P.},
  title		= {Morphological Operators},
  booktitle	= {Handbook of Computer Vision and Applications},
  publisher	= {Academic Press},
  year		= {1999},
  editor	= {Jähne, B. and Haußecker, H. and Geißler, P.},
  volume	= {2},
  chapter	= {21},
  pages		= {627-682},
  address	= {San Diego}
}

@InCollection{	  soille99hbcv2,
  author	= {Soille, P.},
  title		= {Applications of Morphological Operators},
  booktitle	= {Handbook of Computer Vision and Applications},
  publisher	= {Academic Press},
  year		= {1999},
  editor	= {Jähne, B. and Haußecker, H. and Geißler, P.},
  volume	= {3},
  chapter	= {12},
  pages		= {283-296},
  address	= {San Diego}
}

@InCollection{	  soille99hbcv3,
  author	= {Soille, P.},
  title		= {Processing of Digital Elevation Maps},
  booktitle	= {Handbook of Computer Vision and Applications},
  publisher	= {Academic Press},
  year		= {1999},
  editor	= {Jähne, B. and Haußecker, H. and Geißler, P.},
  volume	= {3},
  chapter	= {19},
  pages		= {411-428},
  address	= {San Diego}
}

@InProceedings{	  drimbarean-soille-whelan99,
  author	= {Drimbarean, A. and Soille, P. and Whelan, P.},
  title		= {Online registration of watermarks from continuous web
		  paper},
  booktitle	= {Proc. of Irish Machine Vision and Image Processing
		  Conference},
  pages		= {267-279},
  year		= {1999},
  editor	= {Whelan, P.},
  organization	= {Irish Pattern Recognition Society},
  publisher	= {Dublin City University}
}

@InProceedings{	  koeppen-soille99,
  author	= {Köppen, M. and Soille, P.},
  title		= {Two-dimensional frameworks for the application of soft
		  computing to image processing},
  booktitle	= {Proceedings of International Workshop on Soft Computing in
		  Industry'99},
  publisher	= {Nagoya University},
  editor	= {Suzuki, Y.},
  doi		= {10.1007/978-1-4471-0509-1_45},
  pages		= {204--209},
  year		= {1999},
  address	= {Muroran, Hokkaido, Japan}
}

@InProceedings{	  soille99spie,
  author	= {Soille, P.},
  title		= {Unwrapping of phase maps using mathematical morphology},
  booktitle	= {Proceedings of {EOS/SPIE} International Symposia on
		  Industrial Lasers and Inspection {\&} Envirosense
		  ---Conference on Laser Metrology and Inspection---},
  pages		= {84--93},
  year		= {1999},
  editor	= {Tiziani, H. and Rastogi, P.},
  volume	= {3823},
  location	= {München},
  month		= jun,
  publisher	= {Society of Photo-Instrumentation Engineers},
  doi		= {10.1117/12.360970},
  address	= {Bellingham}
}

@Article{	  soille2000fi,
  author	= {Soille, P.},
  title		= {From binary to grey scale convex hulls},
  journal	= {Fundamenta Informaticae},
  year		= {2000},
  volume	= {41},
  number	= {1--2},
  pages		= {131-146},
  month		= jan,
  doi		= {10.3233/FI-2000-411205}
}

@Article{	  soille2000ole,
  author	= {Soille, P.},
  title		= {Morphological phase unwrapping},
  journal	= {Optics and Lasers in Engineering},
  year		= {2000},
  volume	= {32},
  number	= {4},
  pages		= {339-352},
  doi		= {10.1016/S0143-8166(00)00006-3}
}

@InProceedings{	  soille2000lugano,
  author	= {Soille, P.},
  title		= {Morphological Image Analysis for Optical Nondestructive
		  Testing},
  editor	= {Rastogi, P. and Inaudi, D.},
  pages		= {375-386},
  booktitle	= {Proc. of Int. Conf. on Trends in Optical Nondestructive
		  Testing},
  address	= {Lugano},
  year		= {2000},
  month		= may,
  publisher	= {Ecole Polytechnique Fédérale de Lausanne}
}

@InCollection{	  soille2000cva,
  author	= {Soille, P.},
  title		= {Morphological Operators},
  booktitle	= {Computer Vision and Applications: A Guide for Students and
		  Practitioners},
  publisher	= {Academic Press},
  year		= {2000},
  editor	= {Jähne, B. and Haußecker, H.},
  pages		= {483-515},
  chapter	= {14},
  address	= {San Diego},
  doi		= {10.1016/B978-012379777-3/50015-7}
}

@Article{	  soille2000ivc,
  author	= {Soille, P.},
  title		= {Morphological image analysis applied to crop field
		  mapping},
  journal	= {Image and Vision Computing},
  year		= {2000},
  volume	= {18},
  number	= {13},
  pages		= {1025-1032},
  month		= oct,
  doi		= {10.1016/S0262-8856(00)00043-3}
}

@InCollection{	  soille2000ios,
  author	= {Soille, P.},
  title		= {From binary to grey scale convex hulls},
  booktitle	= {Mathematical Morphology},
  publisher	= {IOS Press},
  year		= {2000},
  editor	= {Goutsias, J. and Heijmans, H.},
  pages		= {131-146.},
  address	= {Amsterdam}
}

@Article{	  soille2000dgci,
  author	= {Soille, P.},
  title		= {Morphological operators with discrete line segments},
  optbooktitle	= {Proc. of Discrete Geometry for Computer Imagery'2000,
		  Uppsala},
  pages		= {78-98},
  year		= {2000},
  opteditor	= {Borgefors, G. and Nyström, I. and Sanniti di Baja, G.},
  volume	= {1953},
  journal	= {Lecture Notes in Computer Science},
  doi		= {10.1007/3-540-44438-6},
  optpublisher	= {Springer-Verlag}
}

@InProceedings{	  koeppen-lohman-soille00,
  author	= {Köppen, M. and Lohmann, L. and Soille, P.},
  title		= {N-dimensional Frameworks for the Application of Soft
		  Computing to Image Processing},
  editor	= {Suzuki, Y. and Ovaska, S. and Furuhashi, T. and Roy, R.
		  and Dote, Y.},
  pages		= {519-529},
  booktitle	= {Soft Computing in Industrial Applications},
  year		= {2000},
  publisher	= {Springer-Verlag}
}

@Article{	  soille-misson2001,
  author	= {Soille, P. and Misson, L.},
  title		= {Tree ring area measurements using morphological image
		  analysis},
  journal	= {Canadian Journal of Forest Research},
  year		= {2001},
  doi		= {10.1139/cjfr-31-6-1074},
  volume	= {31},
  number	= {6},
  pages		= {1074-1083},
  month		= jun,
  url		= {http://www.nrc.ca/cgi-bin/cisti/journals/rp/rp2_abst_e?cjfr_x01-025_31_ns_nf_cjfr6-01}
}

@Article{	  whelan-soille-drimbarean2001,
  author	= {Whelan, P. and Soille, P. and Drimbarean, A.},
  title		= {Real-time registration of paper watermarks},
  journal	= {Real-Time Imaging},
  year		= {2001},
  volume	= {7},
  number	= {4},
  pages		= {367-380},
  doi		= {10.1006/rtim.2000.0239},
  month		= aug
}

@Article{	  soille-talbot2001,
  author	= {Soille, P. and Talbot, H.},
  title		= {Directional morphological filtering},
  journal	= {IEEE Transactions on Pattern Analysis and Machine
		  Intelligence},
  year		= {2001},
  volume	= {23},
  number	= {11},
  pages		= {1313-1329},
  month		= nov,
  doi		= {10.1109/34.969120}
}

@Article{	  soille2002pr,
  author	= {Soille, P.},
  title		= {On morphological operators based on rank filters},
  journal	= {Pattern Recognition},
  year		= {2002},
  volume	= {35},
  number	= {2},
  pages		= {527-535},
  doi		= {10.1016/S0031-3203(01)00047-4},
  month		= feb
}

@Article{	  ranwez-soille2002,
  author	= {Ranwez, V. and Soille, P.},
  title		= {Order independent homotopic thinning for binary and grey
		  tone anchored skeletons},
  journal	= {Pattern Recognition Letters},
  year		= {2002},
  volume	= {23},
  number	= {6},
  pages		= {687-702},
  month		= apr,
  doi		= {10.1016/S0167-8655(01)00146-5}
}

@Article{	  soille2002dgci,
  author	= {Soille, P.},
  title		= {Advances in the analysis of topographic features on
		  discrete images},
  journal	= {Lecture Notes in Computer Science},
  year		= {2002},
  volume	= {2301},
  pages		= {175-186},
  month		= mar,
  doi		= {10.1007/3-540-45986-3}
}

@InProceedings{	  vogt-etal2002dublin,
  author	= {Vogt, J. and Colombo, R. and Paracchini, M. and Soille, P.
		  and de Jager, A.},
  title		= {Development of a pan-{E}uropean database of rivers, lakes
		  and catchments, in support to the needs of environmental
		  policies},
  booktitle	= {{P}roceedings of the 8th EC-GI {\&} GIS Workshop, {ESDI}:
		  {A} Work in Progress},
  year		= {2002},
  location	= {Dublin},
  editor	= {Fullerton, K. and Munro, A.},
  publisher	= {Joint Research Centre of the European Commission},
  volume	= {S.P.I.~02.102}
}

@Article{	  soille-pesaresi2002,
  author	= {Soille, P. and Pesaresi, M.},
  title		= {Advances in mathematical morphology applied to geoscience
		  and remote sensing},
  journal	= {IEEE Transactions on Geoscience and Remote Sensing},
  year		= {2002},
  volume	= {40},
  number	= {9},
  pages		= {2042--2055},
  month		= sep,
  doi		= {10.1109/TGRS.2002.804618}
}

@Article{	  soille2002lnp,
  author	= {Soille, P.},
  title		= {Morphological texture analysis: an introduction},
  journal	= {Lecture Notes in Physics},
  year		= {2002},
  volume	= {600},
  pages		= {215-237},
  doi		= {10.1007/3-540-45782-8_9}
}

@Book{		  soille2003sv,
  author	= {Soille, P.},
  title		= {Morphological Image Analysis: Principles and
		  Applications},
  psubtitle	= {Principles and Applications},
  edition	= {2nd},
  publisher	= {Springer-Verlag},
  doi		= {10.1007/978-3-662-05088-0},
  year		= {2003},
  psisbn	= {3-540-42988-3},
  address	= {Berlin, Heidelberg, and New York},
  purl		= {http://www.springer.de/cgi/svcat/search_book.pl?isbn=3-540-42988-3}
}

@Book{		  soille2003sverrata,
  author	= {Soille, P.},
  title		= {Morphological Image Analysis: Principles and
		  Applications},
  psubtitle	= {Principles and Applications},
  edition	= {2nd},
  publisher	= {Springer-Verlag},
  year		= {2003}
}

@InCollection{	  vogt-etal2003,
  author	= {Vogt, J. and Colombo, R. and Paracchini, M. and Soille, P.
		  and de Jager, A. and Folving, S.},
  title		= {A {E}uropean landscape stratification reflecting drainage
		  density},
  booktitle	= {Sustainable Development of Multifunctional Landscapes},
  pages		= {95-110},
  publisher	= {Springer-Verlag},
  year		= {2003},
  editor	= {Helming, K. and Wiggering, H.},
  address	= {Berlin, Heidelberg, and New York},
  url		= {http://www.springer.de/cgi/svcat/search_book.pl?isbn=3-540-00008-9}
}

@Article{	  colombo-etal2003,
  author	= {Colombo, R. and Vogt, J. and Soille, P. and Paracchini, M.
		  and de Jager, A.},
  title		= {On the derivation of pan-{E}uropean river networks and
		  catchment boundaries from a 250m {DEM}},
  journal	= {Geophysical Research Abstracts},
  year		= {2003},
  volume	= {5},
  pages		= {06474},
  url		= {http://www.cosis.net/abstracts/EAE03/06474/EAE03-J-06474.pdf}
}

@Book{		  soillemd1-2003,
  editor	= {Soille, P.},
  title		= {Morphology Digest, Vol. 10, Issue 1},
  publisher	= {Joint Research Centre of the European Commission},
  month		= mar,
  year		= {2003},
  url		= {http://p.soille.free.fr/mdigest/DIGEST/Digest03-1/Digest03-1.html},
  volume	= {S.P/I.03.44}
}

@Book{		  soillemd2-2003,
  editor	= {Soille, P.},
  title		= {Morphology Digest, Vol. 10, Issue 2},
  publisher	= {Joint Research Centre of the European Commission},
  month		= jun,
  year		= {2003},
  url		= {http://p.soille.free.fr/mdigest/DIGEST/Digest03-2/Digest03-2.html},
  volume	= {S.P/I.03.224}
}

@Book{		  soillemd3-2003,
  editor	= {Soille, P.},
  title		= {Morphology Digest, Vol. 10, Issue 3},
  publisher	= {Joint Research Centre of the European Commission},
  month		= jun,
  year		= {2003},
  url		= {http://p.soille.free.fr/mdigest/DIGEST/Digest03-3/Digest03-3.html},
  volume	= {S.P/I.03.146}
}

@Book{		  soillemd4-2003,
  editor	= {Soille, P.},
  title		= {Morphology Digest, Vol. 10, Issue 4},
  publisher	= {Joint Research Centre of the European Commission},
  month		= dec,
  year		= {2003},
  url		= {http://p.soille.free.fr/mdigest/DIGEST/Digest03-4/Digest03-4.html},
  volume	= {S.P/I.03.221}
}

@Book{		  vogt-etal2003eur,
  author	= {Vogt, J. and Colombo, R. and Paracchini, M. and de Jager,
		  A. and Soille, P.},
  title		= {{CCM} {R}iver and Catchment Database, Version~1.0},
  publisher	= {Joint Research Centre of the European Commission},
  year		= {2003},
  volume	= {EUR~20756 EN},
  url		= {http://agrienv.jrc.it/activities/pdfs/CCM-Report-EUR20756EN.pdf}
}

@InProceedings{	  epifanio-soille2003,
  author	= {Epifanio, I. and Soille, P.},
  title		= {Segmentation of natural landscapes using morphological
		  texture features},
  booktitle	= {Proceedings of IGARSS'03},
  doi		= {10.1109/IGARSS.2003.1293807},
  pages		= {455-457},
  year		= {2003},
  volume	= {I},
  publisher	= {IEEE Press}
}

@InProceedings{	  paracchini-etal2003,
  author	= {Paracchini, M. and Folving, S. and Vogt, J. and Colombo,
		  R. and Soille, P.},
  title		= {Mapping and characterizing mountain catchments using {GIS}
		  and earth observation data},
  booktitle	= {23th International Meeting of the Working Group on
		  Mountain Watershed Management: Lessons Learned from the
		  Past --- Lessons for the Future},
  pages		= {79-89},
  year		= {2003},
  editor	= {Greminger, P.},
  volume	= {165},
  series	= {Environmental Documentation},
  address	= {Berne},
  publisher	= {\htmladdnormallink{Swiss Agency for the Environment,
		  Forests, and
		  Landscape}{http://www.umwelt-schweiz.ch/buwal/}},
  url		= {http://gi-gis.jrc.it/publist/paracchini-etal2003.pdf}
}

@InProceedings{	  bagli-soille2003,
  author	= {Bagli, S. and Soille, P.},
  title		= {Morphological automatic extraction of coastline from
		  pan-{E}uropean {L}andsat {TM} images},
  booktitle	= {Paper Proceedings of the Fifth International Symposium on
		  GIS and Computer Cartography for Coastal Zone Management},
  pages		= {58-59},
  year		= {2003},
  address	= {Genova},
  month		= oct,
  publisher	= {\htmladdnormallink{GISIG}{http://www.gisig.it/} and
		  \htmladdnormallink{ICCOPS}{http://www.iccops.it}}
}

@InProceedings{	  bagli-soille2003full,
  author	= {Bagli, S. and Soille, P.},
  title		= {Morphological automatic extraction of coastline from
		  pan-{E}uropean {L}andsat {TM} images},
  booktitle	= {Electronic Proceedings of the Fifth International
		  Symposium on GIS and Computer Cartography for Coastal Zone
		  Management},
  year		= {2003},
  address	= {Genova},
  month		= oct,
  publisher	= {\htmladdnormallink{GISIG}{http://www.gisig.it/} and
		  \htmladdnormallink{ICCOPS}{http://www.iccops.it}},
  url		= {http://www.ec-gis.org/sdi/publist/pdfs/bagli-soille2003.pdf}
}

@Article{	  giada-etal2003cover,
  author	= {Giada, S. and De Groeve, T. and Ehrlich, D. and Soille,
		  P.},
  title		= {Can satellite images provide useful information on refugee
		  camps?},
  journal	= {International Journal of Remote Sensing},
  year		= {2003},
  volume	= {24},
  number	= {22},
  pages		= {4249-4250},
  month		= nov,
  doi		= {10.1080/014311601101107134}
}

@Article{	  giada-etal2003,
  author	= {Giada, S. and De Groeve, T. and Ehrlich, D. and Soille,
		  P.},
  title		= {Information extraction from very high resolution satellite
		  images over {L}ukole refugee camp, {T}anzania},
  journal	= {International Journal of Remote Sensing},
  year		= {2003},
  volume	= {24},
  number	= {22},
  pages		= {4251-4266},
  month		= nov,
  doi		= {10.1080/0143116021000035021}
}

@Article{	  soille2003dgci,
  author	= {Soille, P.},
  title		= {On the morphological processing of objects with varying
		  local contrast},
  journal	= {Lecture Notes in Computer Science},
  year		= {2003},
  volume	= {\htmladdnormallink{2886}{http://www.springerlink.com/openurl.asp?genre=issue&issn=0302-9743&volume=2886}},
  pages		= {52-61},
  month		= nov,
  optnote	= {Proc. of DGCI'03, Uppsala, Sweden},
  doi		= {10.1007/b94107}
}

@Article{	  soille-vogt-colombo2003wrr,
  author	= {Soille, P. and Vogt, J. and Colombo, R.},
  title		= {Carving and adpative drainage enforcement of grid digital
		  elevation models},
  journal	= {Water Resources Research},
  year		= {2003},
  doi		= {10.1029/2002WR001879},
  volume	= {39},
  number	= {12},
  pages		= {1366},
  month		= dec
}

@Book{		  soille2004sverrata,
  author	= {Soille, P.},
  title		= {Morphological Image Analysis: Principles and
		  Applications},
  psubtitle	= {Principles and Applications},
  edition	= {corrected 2nd printing of the 2nd},
  publisher	= {Springer-Verlag},
  doi		= {10.1007/978-3-662-05088-0},
  year		= {2004},
  psisbn	= {3-540-42988-3},
  address	= {Berlin and New York},
  purl		= {http://www.springer.de/cgi/svcat/search_book.pl?isbn=3-540-42988-3}
}

@Book{		  soille2004sv,
  author	= {Soille, P.},
  title		= {Morphological Image Analysis: Principles and
		  Applications},
  psubtitle	= {Principles and Applications},
  edition	= {corrected 2nd printing of the 2nd},
  publisher	= {Springer-Verlag},
  doi		= {10.1007/978-3-662-05088-0},
  year		= {2004},
  psisbn	= {3-540-42988-3},
  address	= {Berlin and New York},
  purl		= {http://www.springer.de/cgi/svcat/search_book.pl?isbn=3-540-42988-3}
}

@Book{		  soille2004sv_short,
  author	= {Soille, P.},
  title		= {Morphological Image Analysis: Principles and
		  Applications},
  psubtitle	= {Principles and Applications},
  edition	= {2nd},
  publisher	= {Springer-Verlag},
  doi		= {10.1007/978-3-662-05088-0},
  year		= {2004},
  psisbn	= {3-540-42988-3},
  address	= {Berlin and New York},
  purl		= {http://www.springer.de/cgi/svcat/search_book.pl?isbn=3-540-42988-3}
}

@Article{	  soille2004prl,
  author	= {Soille, P.},
  title		= {Morphological Carving},
  journal	= {Pattern Recognition Letters},
  year		= {2004},
  volume	= {25},
  number	= {5},
  pages		= {543-550},
  month		= apr,
  doi		= {10.1016/j.patrec.2003.12.007}
}

@Book{		  soillemd1-2004,
  editor	= {Soille, P.},
  title		= {Morphology Digest, Vol. 11, Issue 1},
  publisher	= {Joint Research Centre of the European Commission},
  month		= mar,
  year		= {2004},
  url		= {http://p.soille.free.fr/mdigest/DIGEST/Digest04-1/Digest04-1.html},
  volume	= {S.P/I.04.47}
}

@Book{		  soillemd2-2004,
  editor	= {Soille, P.},
  title		= {Morphology Digest, Vol. 11, Issue 2},
  publisher	= {Joint Research Centre of the European Commission},
  month		= may,
  year		= {2004},
  url		= {http://p.soille.free.fr/mdigest/DIGEST/Digest04-2/Digest04-2.html},
  volume	= {S.P/I.04.99}
}

@Book{		  soillemd3-2004,
  editor	= {Soille, P.},
  title		= {Morphology Digest, Vol. 11, Issue 3},
  publisher	= {Joint Research Centre of the European Commission},
  month		= oct,
  year		= {2004},
  url		= {http://p.soille.free.fr/mdigest/DIGEST/Digest04-3/Digest04-3.html},
  volume	= {S.P/I.04.184}
}

@InCollection{	  maggi-etal2004,
  author	= {Maggi, M. and Soille, P. and Estreguil, C. and Deshayes,
		  M.},
  title		= {Detection of vegetation changes in an alpine protected
		  area},
  booktitle	= {Analysis of multi-temporal remote sensing images},
  editor	= {Smits, P. and Bruzzone, L.},
  publisher	= {World scientific},
  year		= {2004},
  volume	= {3},
  doi		= {10.1142/9789812702630_0028},
  pages		= {249--258},
  series	= {Series in remote sensing},
  address	= {Singapore}
}

@InProceedings{	  masson-soille-mueller2004,
  author	= {Masson, J. and Soille, P. and Mueller, R.},
  title		= {Tests with {VHR} images for the identification of olive
		  trees and other fruit trees in the {E}uropean {U}nion},
  booktitle	= {Proc. of Remote Sensing for Agriculture, Ecosystems, and
		  Hydrology VI},
  pages		= {23-36},
  year		= {2004},
  editor	= {Owe, M. and D'Urso, G.},
  volume	= {5568},
  publisher	= {Society of Photo-Instrumentation Engineers},
  address	= {Bellingham},
  doi		= {10.1117/12.562439},
  month		= sep
}

@Unpublished{	  bagli-soille2004,
  author	= {Bagli, S. and Soille, P.},
  title		= {From morphological image analysis to pan-{E}uropean
		  layers},
  month		= {13th--19th May},
  year		= {2004}
}

@InProceedings{	  bagli-soille2004eco-imagine,
  author	= {Bagli, S. and Soille, P.},
  title		= {Automatic delineation of shoreline and lake boundaries
		  from Landsat satellite images},
  url		= {http://www.ec-gis.org/sdi/publist/pdfs/bagli-soille2004.pdf},
  booktitle	= {Proc. of ECO-IMAGINE conference GI and GIS for Integrated
		  Coastal Management, Sevilla, Spain},
  month		= may,
  year		= {2004}
}

@Article{	  soille2004wrr,
  author	= {Soille, P.},
  title		= {Optimal removal of spurious pits in grid digital elevation
		  models},
  journal	= {Water Resources Research},
  year		= {2004},
  doi		= {10.1029/2004WR003060},
  volume	= {40},
  number	= {12},
  pages		= {W12509},
  month		= dec
}

@InProceedings{	  paracchini-etal2004,
  author	= {Paracchini, M. and Vogt, J. and Soille, P. and de Jager,
		  A. and Colombo, R.},
  title		= {Development of a pan-{E}uropean database of rivers and
		  catchments: a {GIS} application in support to {E}uropean
		  water monitoring activities},
  booktitle	= {Proc. of Workshop on Identification of the current status
		  and needs of GIS and databases technology in the
		  agricultural sector sector - GIS for analysis and
		  monitoring of land use and land/water quality},
  pages		= {VI.1--VI.10},
  year		= {2004},
  editor	= {Stuczynski, T.},
  month		= {4 - 6 March 2004, Pulawy/ Poland},
  url		= {http://www.proland.iung.pulawy.pl/materials/wp1/paracchini.pdf}
}

@Article{	  soille2005ivc,
  author	= {Soille, P.},
  title		= {Beyond self-duality in morphological image analysis},
  journal	= {Image and Vision Computing},
  year		= {2005},
  doi		= {10.1016/j.imavis.2004.06.002},
  volume	= {23},
  number	= {2},
  pages		= {249-257},
  month		= feb
}

@InCollection{	  brunner-soille2005,
  author	= {Brunner, D. and Soille, P.},
  title		= {Iterative area seeded region growing for multichannel
		  image simplification},
  booktitle	= {Mathematical Morphology: 40 Years On},
  pages		= {397-406},
  doi		= {10.1007/1-4020-3443-1_36},
  publisher	= {Springer-Verlag},
  year		= {2005},
  editor	= {Ronse, C. and Najman, L. and Decencière, E.},
  volume	= {30},
  series	= {Computational Imaging and Vision},
  address	= {Dordrecht}
}

@Article{	  iwanowski-soille2005caip1,
  author	= {Iwanowski, M. and Soille, P.},
  title		= {A queue based algorithm for order independent anchored
		  skeletonisation},
  journal	= {Lecture Notes in Computer Science},
  year		= {2005},
  month		= sep,
  volume	= {3691},
  pages		= {530-537},
  doi		= {10.1007/11556121_65}
}

@Article{	  iwanowski-soille2005caip2,
  author	= {Iwanowski, M. and Soille, P.},
  title		= {Morphological refinement of an image segmentation},
  journal	= {Lecture Notes in Computer Science},
  year		= {2005},
  month		= sep,
  volume	= {3691},
  pages		= {538-545},
  doi		= {10.1007/11556121_66}
}

@Article{	  bielski-soille2005iciap,
  author	= {Bielski, C. and Soille, P.},
  title		= {Order independent image compositing},
  journal	= {Lecture Notes in Computer Science},
  year		= {2005},
  month		= sep,
  volume	= {3617},
  pages		= {1076-1083},
  doi		= {10.1007/11553595_132}
}

@Article{	  soille2006pami,
  author	= {Soille, P.},
  title		= {Morphological image compositing},
  journal	= {IEEE Transactions on Pattern Analysis and Machine
		  Intelligence},
  year		= {2006},
  volume	= {28},
  number	= {5},
  pages		= {673-683},
  month		= may,
  doi		= {10.1109/TPAMI.2006.99}
}

@Article{	  iwanowski-soille2006,
  author	= {Iwanowski, M. and Soille, P.},
  title		= {Order independence in binary 2{D} homotopic thinning},
  journal	= {Lecture Notes in Computer Science},
  year		= {2006},
  doi		= {10.1007/11907350},
  volume	= {4245},
  pages		= {592-604},
  month		= oct
}

@InCollection{	  bielski-soille2006endmembers,
  author	= {Bielski, C. and Soille, P.},
  title		= {A mathematical morphology based approach to locating
		  spectral endmembers},
  booktitle	= {Imaging Spectroscopy: New quality in environmental
		  studies},
  pages		= {545-552},
  publisher	= {Wydawnictwa Przemyslowe WEMA Sp z.o.o.},
  year		= {2006},
  editor	= {Zagajewski, B. and Sobczak, M.},
  address	= {Warszawa},
  isbn		= {83-89502-41-0}
}

@TechReport{	  soille2006tr,
  author	= {Soille, P.},
  title		= {On range based connectivity relations for image
		  simplification and segmentation},
  institution	= {Joint Research Centre of the European Commission},
  year		= {2006}
}

@Article{	  vogt-etal2007ei,
  author	= {Vogt, P. and Riitters, K. and Iwanowski, M. and Estreguil,
		  C. and Kozak, J. and Soille, P.},
  title		= {Mapping landscape corridors},
  journal	= {Ecological Indicators},
  year		= {2007},
  doi		= {10.1016/j.ecolind.2006.11.001},
  volume	= {7},
  number	= {2},
  pages		= {481-488},
  month		= apr
}

@Article{	  maggi-estreguil-soille2007,
  author	= {Maggi, M. and Estreguil, C. and Soille, P.},
  title		= {Woody vegetation increases in {A}lpine areas: a proposal
		  for a classification and validation scheme},
  journal	= {International Journal of Remote Sensing},
  year		= {2007},
  doi		= {10.1080/01431160600851785},
  volume	= {28},
  number	= {1},
  pages		= {143-166},
  month		= jan
}

@Article{	  epifanio-soille2007,
  author	= {Epifanio, I. and Soille, P.},
  title		= {Morphological texture features for unsupervised and
		  supervised segmentations of natural landscapes},
  journal	= {IEEE Transactions on Geoscience and Remote Sensing},
  year		= {2007},
  doi		= {10.1109/TGRS.2006.890581},
  volume	= {45},
  number	= {4},
  pages		= {1074-1083},
  month		= apr
}

@Article{	  riitters-etal2007le,
  author	= {Riitters, K. and Vogt, P. and Soille, P. and Kozak, J. and
		  Estreguil, C.},
  title		= {Neutral model analysis of landscape patterns from
		  mathematical morphology},
  journal	= {Landscape Ecology},
  year		= {2007},
  doi		= {10.1007/s10980-007-9089-3},
  volume	= {22},
  number	= {7},
  pages		= {1033-1043},
  month		= aug
}

@Article{	  iwanowski-soille2007icannga,
  author	= {Iwanowski, M. and Soille, P.},
  title		= {Fast algorithms for order independent binary homotopic
		  thinning},
  journal	= {Lecture Notes in Computer Science},
  year		= {2007},
  doi		= {10.1007/978-3-540-71629-7_68},
  volume	= {4432},
  number	= {2},
  pages		= {606-615},
  month		= apr
}

@Article{	  bielski-soille2007icannga,
  author	= {Bielski, C. and Soille, P.},
  title		= {Adaptive mosaicing: principle and application to the
		  mosaicing of large image data sets},
  journal	= {Lecture Notes in Computer Science},
  year		= {2007},
  doi		= {10.1007/978-3-540-71629-7_56},
  volume	= {4432},
  number	= {2},
  pages		= {500-507},
  month		= apr
}

@Article{	  brunner-soille2007,
  author	= {Brunner, D. and Soille, P.},
  title		= {Iterative area filtering of multichannel images},
  journal	= {Image and Vision Computing},
  year		= {2007},
  doi		= {10.1016/j.imavis.2006.09.002},
  volume	= {25},
  number	= {8},
  pages		= {1352-1364},
  month		= aug
}

@InCollection{	  soille2007dem,
  author	= {Soille, P.},
  title		= {From mathematical morphology to morphological terrain
		  features},
  booktitle	= {Digital Terrain Modelling},
  subtitle	= {Development and Applications in a Policy Support
		  Environment},
  doi		= {10.1007/978-3-540-36731-4_2},
  pages		= {45-66},
  publisher	= {Springer-Verlag},
  year		= {2007},
  editor	= {Peckham, R. and Jordan, G.},
  optseries	= {Lecture Notes in Geoinformation and Cartography},
  address	= {Berlin}
}

@InCollection{	  vogt-etal2007dem,
  author	= {Vogt, J. and Soille, P. and Colombo, R. and Paracchini, M.
		  and de Jager, A.},
  title		= {Development of a pan-{E}uropean river and catchment
		  database},
  booktitle	= {Digital Terrain Modelling},
  subtitle	= {Development and Applications in a Policy Support
		  Environment},
  pages		= {121-144},
  publisher	= {Springer-Verlag},
  year		= {2007},
  editor	= {Peckham, R. and Jordan, G.},
  optseries	= {Lecture Notes in Geoinformation and Cartography},
  month		= aug,
  doi		= {10.1007/978-3-540-36731-4_6}
}

@Article{	  grazzini-soille2007caip,
  author	= {Grazzini, J. and Soille, P.},
  title		= {Improved morphological interpolation of elevation contour
		  data with generalised geodesic propagations},
  journal	= {Lecture Notes in Computer Science},
  year		= {2007},
  doi		= {10.1007/978-3-540-74272-2_92},
  volume	= {4673},
  pages		= {742-750}
}

@Article{	  soille-grazzini2007caip,
  author	= {Soille, P. and Grazzini, J.},
  title		= {Extraction of river networks from satellite images by
		  combining mathematical morphology and hydrology},
  journal	= {Lecture Notes in Computer Science},
  year		= {2007},
  doi		= {10.1007/978-3-540-74272-2_79},
  volume	= {4673},
  pages		= {636-644},
  month		= aug
}

@Article{	  colombo-etal2007catena,
  author	= {Colombo, R. and Vogt, J. and Soille, P. and Paracchini, M.
		  and de Jager, A.},
  title		= {On the derivation of river networks and catchments at
		  {E}uropean scale from medium resolution digital elevation
		  data},
  journal	= {Catena},
  year		= {2007},
  doi		= {10.1016/j.catena.2006.10.001},
  volume	= {70},
  number	= {3},
  pages		= {296-305},
  month		= aug
}

@Book{		  vogt-etal2007ref,
  author	= {Vogt, J. and Soille, P. and de Jager, A. and
		  Rimavi\v{c}i\={u}te, E. and Mehl, S. and Foisneau, S. and
		  B\'odis, K. and Dusart, J. and Paracchini, M. and Haastrup,
		  P. and Bamps. C.},
  title		= {A Pan-{E}uropean River and Catchment Database},
  publisher	= {European Publications Office},
  year		= {2007},
  doi		= {10.2788/35907},
  volume	= {EUR~22920~EN},
  obsurl	= {http://agrienv.jrc.it/publications/pdfs/CCM2-Report_EUR-22920-EN_2007_STD.pdf}
}

@InProceedings{	  soille2007iciap,
  author	= {Soille, P.},
  title		= {On genuine connectivity relations based on logical
		  predicates},
  doi		= {10.1109/ICIAP.2007.4362825},
  booktitle	= {Proc. of 14th Int. Conf. on Image Analysis and Processing,
		  Modena, Italy},
  pages		= {487-492},
  year		= {2007},
  month		= sep,
  publisher	= {IEEE Computer Society Press}
}

@InProceedings{	  soille2007iciapshort,
  author	= {Soille, P.},
  title		= {On genuine connectivity relations based on logical
		  predicates},
  doi		= {10.1109/ICIAP.2007.4362825},
  booktitle	= {Proc. of 14th ICIAP, Modena, Italy},
  pages		= {487-492},
  year		= {2007},
  month		= sep,
  publisher	= {IEEE}
}

@InProceedings{	  bielski-etal2007igarss,
  author	= {Bielski, C. and J. Grazzini and P. Soille},
  title		= {Automated morphological image composition for mosaicing
		  large image data sets},
  booktitle	= {Proc. Int. Geosc. and Rem. Sens. Symp.},
  pages		= {4068-4071},
  year		= {2008},
  doi		= {10.1109/IGARSS.2007.4423743},
  address	= {Barcelona},
  month		= jul,
  publisher	= {IEEE Press}
}

@InProceedings{	  grazzini-soille2008visapp,
  author	= {Grazzini, J. and Soille, P.},
  title		= {Edge-preserving smoothing of natural images based on
		  geodesic time functions},
  booktitle	= {Proc. of International Conference on Computer Vision
		  Theory and Applications (VISAPP'08)},
  doi		= {10.5220/0001087400200027},
  pages		= {20-27},
  year		= {2008},
  editor	= {Ranchordas, A. and Ara\'ujo, H.},
  volume	= {1},
  address	= {Madeira, Portugal},
  month		= jan,
  publisher	= {INSTICC Press, Portugal}
}

@Article{	  soille-grazzini2008dgci,
  author	= {Soille, P. and Grazzini, J.},
  title		= {Advances in constrained connectivity},
  journal	= {Lecture Notes in Computer Science},
  year		= {2008},
  doi		= {10.1007/978-3-540-79126-3_38},
  volume	= {4992},
  pages		= {423-433},
  month		= apr
}

@InProceedings{	  soille-grazzini2008dgci_inproc,
  author	= {Soille, P. and Grazzini, J.},
  title		= {Advances in constrained connectivity},
  doi		= {10.1007/978-3-540-79126-3_38},
  longbooktitle	= {Proc. of DGCI'08, Lyon},
  booktitle	= {Proc. of DGCI'08, Lyon},
  pages		= {423-433},
  year		= {2008},
  editor	= {Coeurjolly, D. and Sivignon, I. and Tougne, L. and Dupond,
		  F.},
  volume	= {4992},
  series	= {Lecture Notes in Computer Science},
  month		= apr
}

@Article{	  grazzini-soille2008dgci,
  author	= {Grazzini, J. and Soille, P.},
  title		= {Adaptive morphological filtering using similarities based
		  on geodesic time},
  doi		= {10.1007/978-3-540-79126-3_46},
  journal	= {Lecture Notes in Computer Science},
  year		= {2008},
  volume	= {4992},
  pages		= {519-528},
  month		= apr
}

@InProceedings{	  grazzini-soille2008dgci_inproc,
  author	= {Grazzini, J. and Soille, P.},
  title		= {Adaptive morphological filtering using similarities based
		  on geodesic time},
  doi		= {10.1007/978-3-540-79126-3_46},
  booktitle	= {Proc. of DGCI'08, Lyon},
  editor	= {Coeurjolly, D. and Sivignon, I. and Tougne, L. and Dupond,
		  F.},
  series	= {Lecture Notes in Computer Science},
  year		= {2008},
  volume	= {4992},
  pages		= {519-528},
  month		= apr
}

@Article{	  soille2008pamierrata,
  author	= {Soille, P.},
  title		= {Constrained connectivity for hierarchical image
		  partitioning and simplification},
  journal	= {IEEE Transactions on Pattern Analysis and Machine
		  Intelligence},
  year		= {2008},
  doi		= {10.1109/TPAMI.2007.70817},
  volume	= {30},
  number	= {7},
  pages		= {1132-1145},
  month		= jul,
  optnote	= {[Available as online preprint since 18 October 2007]},
  pubsy-id	= {JRC36392}
}

@Article{	  soille2008pami,
  author	= {Soille, P.},
  title		= {Constrained connectivity for hierarchical image
		  partitioning and simplification},
  journal	= {IEEE Transactions on Pattern Analysis and Machine
		  Intelligence},
  year		= {2008},
  doi		= {10.1109/TPAMI.2007.70817},
  volume	= {30},
  number	= {7},
  pages		= {1132-1145},
  month		= jul,
  optnote	= {[Available as online preprint since 18 October 2007]},
  pubsy-id	= {JRC36392}
}

@InProceedings{	  strobl-etal2008earsel2007,
  author	= {Strobl, P. and Reithmaier, L. and Soille, P. and Mehl, W.
		  and Bielski, C.},
  title		= {Assembly of a remotely sensed reference image of {E}urope
		  at 25m resolution},
  url		= {http://www.ec-gis.org/sdi/publist/pdfs/strobl-etal2008earsel2007.pdf},
  booktitle	= {Geoinformation in Europe},
  pages		= {515-522},
  year		= {2008},
  editor	= {Gomarasca, M.},
  address	= {Rotterdam, Netherlands},
  action	= {cosin},
  publisher	= {Millpress}
}

@InCollection{	  reuter-etal2008geomorph,
  author	= {Reuter, H. and Hengl, T. and Gessler, P. and Soille, P.},
  title		= {Preparation of {DEM}s for geomorphometric analysis},
  booktitle	= {Geomorphometry: Concepts, Software, and Applications},
  pages		= {87-120},
  publisher	= {Elsevier},
  year		= {2008},
  editor	= {Hengl, T. and Reuter, H.},
  optvolume	= {33},
  optseries	= {Developments in Soil Science},
  chapter	= {4},
  doi		= {10.1016/S0166-2481(08)00004-4}
}

@InProceedings{	  poggio-soille2008eurosoil,
  author	= {Poggio, L. and Soille, P.},
  title		= {{DEM} quality indicators for the derivation of
		  geomorphological parameters},
  booktitle	= {EUROSOIL 2008: Book of Abstracts},
  pages		= {142},
  year		= {2008},
  editor	= {Blum, W. and Gerzabek, M. and Vodrazka, M.},
  address	= {Vienna, Austria},
  publisher	= {University of Natural Resources and Applied Life Sciences
		  (BOKU)},
  url		= {http://www.ecsss.net/web/MDB/media_folder/39_abstracts.pdf}
}

@Book{		  soillemd1-2008,
  editor	= {Soille, P.},
  title		= {Morphology Digest, Vol. 15, Issue 1},
  publisher	= {Joint Research Centre of the European Commission},
  month		= jul,
  year		= {2008},
  url		= {http://p.soille.free.fr/mdigest/DIGEST/Digest08-1}
}

@Book{		  soillemd2-2008,
  editor	= {Soille, P.},
  title		= {Morphology Digest, Vol. 15, Issue 2},
  publisher	= {Joint Research Centre of the European Commission},
  month		= dec,
  year		= {2008},
  url		= {http://p.soille.free.fr/mdigest/DIGEST/Digest08-2}
}

@Book{		  poggio-soille2008eur,
  author	= {Poggio, L. and Soille, P.},
  title		= {Quality Assessment of Hydrogeomorphological Features
		  Derived from Digital Terrain Models},
  publisher	= {Joint Research Centre of the European Commission},
  year		= {2008},
  doi		= {10.2788/61787},
  series	= {JRC Scientific and Technical Reports},
  number	= {EUR~23489~EN}
}

@Book{		  soille2008image2k6,
  editor	= {Soille, P.},
  title		= {The {IMAGE-2006} Mosaic Project},
  publisher	= {Joint Research Centre of the European Commission},
  year		= {2008},
  doi		= {10.2788/25572}
}

@Book{		  soille2008dmc,
  author	= {Soille, P.},
  title		= {{DMC-2007} Mosaic: Data Ingestion and Organisation},
  publisher	= {Joint Research Centre of the European Commission},
  year		= {2008},
  doi		= {10.2788/49274}
}

@Book{		  soille2008i2k6_clouds,
  author	= {Soille, P.},
  title		= {IMAGE-2006 Mosaic: SPOT-4 HRVIR, SPOT-5 HRG, and IRS-LISS
		  III Cloud Detection},
  publisher	= {Joint Research Centre of the European Commission},
  year		= {2008},
  doi		= {10.2788/49355}
}

@Book{		  soille-bielski2011i2k6_seam,
  author	= {Soille, P.},
  title		= {IMAGE-2006 Mosaic: Automatic Seam Line Delineation},
  publisher	= {Joint Research Centre of the European Commission},
  year		= {2011},
  doi		= {10.2788/50299}
}

@Book{		  soille-grazzini2011i2k6_consistency,
  author	= {Soille, P.},
  title		= {IMAGE-2006 Mosaic: Geometric and Radiometric Consistency
		  of Input Imagery},
  publisher	= {Joint Research Centre of the European Commission},
  year		= {2011},
  doi		= {10.2788/50967}
}

@InCollection{	  grazzini-soille2009ccis,
  author	= {Grazzini, J. and Soille, P.},
  title		= {Image filtering based on locally estimated geodesic
		  functions},
  booktitle	= {Computer Vision and Computer Graphics: Theory and
		  Practice},
  pages		= {123-134},
  publisher	= {Springer-Verlag},
  year		= {2009},
  doi		= {10.1007/978-3-642-10226-4_10},
  editor	= {Ranchordas, A. and Araujo, H. and Madeiras Pereira, J. and
		  Braz, J.},
  volume	= {24},
  series	= {Communications in Computer and Information Science}
}

@Article{	  soille-vogt2009,
  author	= {Soille, P. and Vogt, P.},
  title		= {Morphological segmentation of binary patterns},
  journal	= {Pattern Recognition Letters},
  year		= {2009},
  doi		= {10.1016/j.patrec.2008.10.015},
  volume	= {30},
  number	= {4},
  pages		= {456-459},
  month		= mar
}

@Article{	  riitters-etal2009,
  author	= {Riitters, K. and Vogt, P. and Soille, P. and Estreguil,
		  C.},
  title		= {Landscape patterns from mathematical morphology on maps
		  with contagion},
  journal	= {Landscape Ecology},
  year		= {2009},
  doi		= {10.1007/s10980-009-9344-x},
  volume	= {24},
  number	= {5},
  pages		= {699-709},
  month		= may
}

@Article{	  grazzini-soille2009,
  author	= {Grazzini, J. and Soille, P.},
  title		= {Edge-preserving smoothing using a similarity measure in
		  adaptive geodesic neighbourhoods},
  journal	= {Pattern Recognition},
  year		= {2009},
  doi		= {10.1016/j.patcog.2008.11.004},
  volume	= {42},
  number	= {10},
  pages		= {2306-2316},
  month		= oct
}

@InProceedings{	  brunner-soille2009,
  author	= {Brunner, D. and Soille, P.},
  title		= {Towards building shadow extraction in {VHR} {SAR} images
		  using mathematical morphology},
  url		= {http://www.cs.rug.nl/~ISMM09/ISMMabstractbook.pdf},
  booktitle	= {Abstract book of the 9th Int. Symp on Math. Morph
		  (ISMM'2009)},
  pages		= {17-20},
  year		= {2009},
  editor	= {M. Wilkinson and J. Roerdink},
  address	= {The Netherlands},
  publisher	= {University of Groningen}
}

@InProceedings{	  poggio-soille2009ifcs,
  author	= {Poggio, L. and Soille, P.},
  title		= {Land cover classification with unsupervised clustering and
		  hierarchical partitioning},
  url		= {http://www.ifcs2009.de/pdf/abstracts_0-03.pdf},
  booktitle	= {11th Int. Conf. of the International Federation of
		  Classification Societies (IFCS): Classification as a Tool
		  for Research},
  year		= {2009},
  address	= {Dresden, Germany},
  editor	= {Esswein, W. and Hilbert, A. and Locarek-Junge, H.},
  publisher	= {TU Dresden},
  pages		= {171-172},
  month		= mar
}

@InProceedings{	  poggio-soille2009geomorphometry,
  author	= {Poggio, L. and Soille, P.},
  title		= {Influence of spurious pit removal methods on the position
		  of river networks extracted from {SRTM}},
  url		= {http://geomorphometry.org/system/files/poggio2009geomorphometry.pdf},
  booktitle	= {Proc. of Geomorphometry 2009},
  pages		= {231-236},
  year		= {2009},
  editor	= {Purves, R. and Gruber, S. and Hengl, T. and Straumann},
  address	= {Z{\"u}rich},
  month		= sep,
  publisher	= {University of Z{\"u}rich}
}

@Article{	  soille-grazzini2009ismm,
  author	= {Soille, P. and Grazzini, J.},
  title		= {Constrained connectivity and transition regions},
  journal	= {Lecture Notes in Computer Science},
  year		= {2009},
  doi		= {10.1007/978-3-642-03613-2_6},
  volume	= {5720},
  pages		= {59-69}
}

@InProceedings{	  soille-grazzini2009ismm_inproc,
  author	= {Soille, P. and Grazzini, J.},
  title		= {Constrained connectivity and transition regions},
  doi		= {10.1007/978-3-642-03613-2_6},
  booktitle	= {Proc. of 9th Int. Symp. on Mathematical Morphology},
  pages		= {59-69},
  year		= {2009},
  volume	= {5720},
  series	= {Lecture Notes in Computer Science},
  optmonth	= aug,
  optorganization={University of Groningen},
  optpublisher	= {Springer-Verlag},
  optaddress	= {Berlin}
}

@InProceedings{	  soille-grazzini2009ismm_inproced,
  author	= {Soille, P. and Grazzini, J.},
  title		= {Constrained connectivity and transition regions},
  doi		= {10.1007/978-3-642-03613-2_6},
  booktitle	= {Proc. of 9th Int. Symp. on Mathematical Morphology},
  pages		= {59-69},
  year		= {2009},
  editor	= {Wilkinson, M. and Roerdink, J.},
  volume	= {5720},
  series	= {Lecture Notes in Computer Science},
  optmonth	= aug,
  optorganization={University of Groningen},
  optpublisher	= {Springer-Verlag},
  optaddress	= {Berlin}
}

@InProceedings{	  soille2009spie,
  author	= {Soille, P.},
  title		= {Recent developments in morphological image processing for
		  remote sensing},
  doi		= {10.1117/12.836024},
  booktitle	= {Image and Signal Processing for Remote Sensing},
  year		= {2009},
  editor	= {Bruzzone, L. and Benediktsson, J. and Serpico, S.},
  volume	= {SPIE-7477},
  publisher	= {SPIE}
}

@InProceedings{	  kemper-jenerowicz-soille2009valgeo,
  author	= {Kemper, T. and Jenerowicz, M. and Soille, P.},
  title		= {Counting people in refugees/{IDP} camps in
		  {D}arfur/{S}udan: what error is acceptable?},
  doi		= {10.2788/46126},
  booktitle	= {Proc. of Int. Workshop on VALidation of Geo-information
		  Products for Crisis Management (VALgEO'2009)},
  pages		= {153-155},
  year		= {2009},
  editor	= {Corbane, C. and Broglia, M. and Carrion, D. and Lemoine,
		  G. and Pesaresi, M.},
  number	= {EUR~24082~EN},
  month		= nov,
  publisher	= {Joint Research Centre of the European Commission}
}

@InProceedings{	  gueguen-etal2009,
  author	= {Gueguen, L. and Pesaresi, M. and Soille, P. and
		  Gerhardinger, A.},
  title		= {Morphological descriptors and spatial aggregations for
		  characterizing damaged buildings in very high resolution
		  images},
  url		= {http://earth.eo.esa.int/rtd/Events/2009_ESA-EUSC-JRC/Papers/Pap_Gueguen.pdf},
  booktitle	= {Proc. of 6th Conference on Image Information Mining},
  year		= {2009},
  editor	= {Datcu, M.},
  month		= nov,
  organization	= {ESA-EUSC-JRC},
  publisher	= {European Space Agency}
}

@Article{	  jenerowicz-etal2010rit,
  author	= {Jenerowicz, M. and Kemper, T. and Pesaresi, M. and Soille,
		  P.},
  title		= {Post-event damage assessment using morphological
		  methodology on 0.5m resolution satellite data},
  journal	= {Rivista Italiana di Telerilevamento},
  year		= {2010},
  volume	= {42},
  number	= {3},
  pages		= {37-47},
  url		= {http://www.aitjournal.com/articleView.aspx?ID=185}
}

@Article{	  jenerowicz-etal2010itjrs,
  author	= {Jenerowicz, M. and Kemper, T. and Pesaresi, M. and Soille,
		  P.},
  title		= {Post-event damage assessment using morphological
		  methodology on 0.5m resolution satellite data},
  journal	= {Italian Journal of Remote Sensing},
  year		= {2010},
  volume	= {42},
  number	= {3},
  pages		= {37-47},
  url		= {http://www.aitjournal.com/articleView.aspx?ID=185}
}

@InCollection{	  soille2010mm,
  author	= {Soille, P.},
  title		= {Images Satellites et Modèles Numériques de Terrain},
  booktitle	= {Morphologie Mathématique},
  pages		= {215-227},
  publisher	= {Hermès},
  year		= {2010},
  editor	= {Talbot, H. and Najman, L.},
  volume	= {2},
  chapter	= {IV.5},
  address	= {Paris}
}

@InCollection{	  soille2010satdem,
  author	= {Soille, P.},
  title		= {Satellite imagery and digital elevation models},
  booktitle	= {Mathematical Morphology},
  pages		= {393-405},
  publisher	= {ISTE {\&} Wiley},
  year		= {2010},
  doi		= {10.1002/9781118600788.ch17},
  editor	= {Najman, L. and Talbot, H.}
}

@Book{		  koethe-montanvert-soille2010,
  title		= {Proc. of ICPR Workshop on Applications of Discrete
		  Geometry and Mathematical Morphology},
  year		= {2010},
  editor	= {K\"othe, U. and Montanvert, A. and Soille, P.},
  address	= {Istanbul},
  month		= aug,
  publisher	= {IAPR}
}

@InProceedings{	  najman-soille2010wadgmm,
  author	= {Najman, L. and Soille, P.},
  title		= {On morphological hierarchical representations for image
		  processing and spatial data clustering},
  booktitle	= {Proc. of ICPR Workshop on Applications of Discrete
		  Geometry and Mathematical Morphology},
  pages		= {52-61},
  year		= {2010},
  editor	= {K\"othe, U. and Montanvert, A. and Soille, P.},
  address	= {Istanbul},
  month		= aug,
  publisher	= {IAPR}
}

@InProceedings{	  najman-soille2010wadgmmshort,
  author	= {Najman, L. and Soille, P.},
  title		= {On morphological hierarchical representations for image
		  processing and spatial data clustering},
  booktitle	= {Proc. of WADGMM ICPR Workshop},
  pages		= {52-61},
  year		= {2010},
  opteditor	= {K\"othe, U. and Montanvert, A. and Soille, P.},
  address	= {Istanbul},
  month		= aug,
  publisher	= {IAPR},
  optnote	= {[Invited paper]}
}

@InProceedings{	  wilkinson-soille-2010wadgmmshort,
  author	= {Wilkinson, M. and Soille, P. and Ouzounis, G. },
  title		= {Concurrent computation of differential morphological
		  profiles for remote sensing},
  booktitle	= {Proc. of WADGMM ICPR Workshop},
  pages		= {67-71},
  year		= {2010},
  opteditor	= {K\"othe, U. and Montanvert, A. and Soille, P.},
  address	= {Istanbul},
  month		= aug,
  publisher	= {IAPR}
}

@InCollection{	  poggio-soille2010sv,
  author	= {Poggio, L. and Soille, P.},
  title		= {Land cover detection with unsupervised clustering and
		  hierarchical partitioning},
  booktitle	= {Classification as a Tool for Research},
  optisbn	= {978-3-642-10744-3},
  doi		= {10.1007/978-3-642-10745-0_49},
  publisher	= {Springer-Verlag},
  year		= {2010},
  pages		= {455-462},
  editor	= {Locarek-Junge, H. and Weihs, C.},
  series	= {Studies in Classification, Data Analysis, and Knowledge
		  Organization}
}

@InProceedings{	  grazzini-soille2010icpr,
  author	= {Grazzini, J. and Soille, P.},
  title		= {Iterative ramp sharpening for
		  structure/signature-preserving simplification of images},
  doi		= {10.1109/ICPR.2010.1120},
  pages		= {4585-4589},
  booktitle	= {Proc. of 20th Int. Conf. on Pattern Recognition},
  year		= {2010},
  address	= {Istanbul},
  month		= aug,
  publisher	= {IEEE}
}

@InProceedings{	  grazzini-dillard-soille2010icpr,
  author	= {Grazzini, J. and Dillard, S. and Soille, P.},
  title		= {Multichannel image regularisation using anisotropic
		  geodesic filtering},
  doi		= {10.1109/ICPR.2010.653},
  booktitle	= {Proc. of 20th Int. Conf. on Pattern Recognition},
  pages		= {2664-2667},
  year		= {2010},
  address	= {Istanbul},
  month		= aug,
  publisher	= {IEEE}
}

@InProceedings{	  ouzounis-soille2010icpr,
  author	= {Ouzounis, G. and Soille, P.},
  title		= {Differential area profiles},
  doi		= {10.1109/ICPR.2010.993},
  booktitle	= {Proc. of 20th Int. Conf. on Pattern Recognition},
  pages		= {4085-4088},
  year		= {2010},
  address	= {Istanbul},
  month		= aug,
  publisher	= {IEEE}
}

@InProceedings{	  akcay-aksoy-soille2010icpr,
  author	= {Akçay, G. and Aksoy, S. and Soille, P.},
  title		= {Hierarchical segmentation of complex structures},
  doi		= {10.1109/ICPR.2010.280},
  booktitle	= {Proc. of 20th Int. Conf. on Pattern Recognition},
  pages		= {1120-1123},
  year		= {2010},
  address	= {Istanbul},
  month		= aug,
  publisher	= {IEEE}
}

@InProceedings{	  gueguen-soille-pesaresi2010icpr,
  author	= {Gueguen, L. and Soille, P. and Pesaresi, M.},
  title		= {Differential morphological decomposition segmentation: a
		  multi-scale object based image description},
  doi		= {10.1109/ICPR.2010.235},
  booktitle	= {Proc. of 20th Int. Conf. on Pattern Recognition},
  pages		= {938-941},
  year		= {2010},
  address	= {Istanbul},
  month		= aug,
  publisher	= {IEEE}
}

@InProceedings{	  poggio-soille2010accuracy_abstract,
  author	= {Poggio, L. and Soille, P.},
  title		= {Modelling uncertainty in watershed divides from {SRTM} and
		  {GDEM}},
  booktitle	= {Delegate Handbook of Accuracy'2010 Symposium},
  pages		= {109},
  year		= {2010},
  address	= {Leicester, U.K.}
}

@InProceedings{	  poggio-soille2010accuracy,
  author	= {Poggio, L. and Soille, P.},
  title		= {Modelling uncertainty in watershed divides from {SRTM} and
		  {GDEM}},
  booktitle	= {Proc. of the 9th Int. Symp. on Spatial Accuracy Assessment
		  in Natural Resources and Environmental Sciences},
  pages		= {417-419},
  editor	= {Tate, N. and Fisher, P.},
  year		= {2010},
  address	= {Leicester, U.K.},
  publisher	= {International Spatial Accuracy Research Association},
  url		= {http://www.spatial-accuracy.org/system/files/img-X07133653_0.pdf}
}

@InProceedings{	  pesaresi-etal2010igarss,
  author	= {Pesaresi, M. and Kemper, T. and Gueguen, L. and Soille,
		  P.},
  title		= {Automatic information retrieval from meter and sub-meter
		  resolution satellite image data in support to crisis
		  management},
  booktitle	= {Proc. Int. Geosc. and Rem. Sens. Symp.},
  pages		= {1792-1795},
  year		= {2010},
  doi		= {10.1109/IGARSS.2010.5653039},
  address	= {Honolulu},
  month		= jul,
  publisher	= {IEEE Press}
}

@Article{	  soille2010ijrs,
  author	= {Soille, P.},
  title		= {Constrained connectivity for the processing of very high
		  resolution satellite images},
  journal	= {International Journal of Remote Sensing},
  year		= {2010},
  doi		= {10.1080/01431161.2010.512622},
  volume	= {31},
  number	= {22},
  pages		= {5879-5893},
  month		= jul
}

@InProceedings{	  grazzini-dillard-soille2010spie,
  author	= {Grazzini, J. and Dillard, S. and Soille, P.},
  title		= {A new generic method for semi-automatic extraction of
		  rivers and road networks in low- and mid-resolution
		  satellite images},
  doi		= {10.1117/12.865052},
  page		= {783007},
  booktitle	= {Proc. of Image and Signal Processing for Remote Sensing
		  XVI},
  volume	= {SPIE 7830},
  year		= {2010}
}

@Proceedings{	  soille-etal2011iimproc,
  title		= {Proc. of the 7th ESA-EUSC-JRC Conference on Image
		  Information Mining},
  year		= {2011},
  doi		= {10.2788/69291},
  editor	= {Soille, P. and Gueguen, L. and D'Elia, S. and Marchetti,
		  P.G. and Colaiacomo, L. and Datcu, M.},
  publisher	= {Joint Research Centre of the European Commission},
  month		= mar
}

@InProceedings{	  gueguen-soille-pesaresi2011iim,
  author	= {Gueguen, L. and Soille, P. and Pesaresi, M.},
  title		= {Structure extraction and characterization from
		  differential morphological decomposition},
  doi		= {10.2788/69291},
  booktitle	= {Proc. of the 7th ESA-EUSC-JRC Conference on Image
		  Information Mining},
  pages		= {53-57},
  editor	= {Soille, P. and Gueguen, L. and D'Elia, S. and Marchetti,
		  P.G. and Colaiacomo, L. and Datcu, M.},
  publisher	= {Joint Research Centre of the European Commission},
  year		= {2011}
}

@Article{	  kemper-etal2011jstar,
  author	= {Kemper, T. and Jenerowicz, M. and Pesaresi, M. and Soille,
		  P.},
  title		= {Enumeration of dwellings in {D}arfur camps from
		  {G}eo{E}eye-1 satellite images using mathematical
		  morphology},
  journal	= {IEEE Journal of Selected Topics in Applied Earth
		  Observations and Remote Sensing},
  year		= {2011},
  doi		= {10.1109/JSTARS.2010.2053700},
  volume	= {4},
  number	= {1},
  pages		= {8-15},
  month		= mar
}

@Proceedings{	  soille-pesaresi-ouzounis2011ismm,
  title		= {Mathematical Morphology and Its Applications to Image and
		  Signal Processing: Proc. of 10th Int. Symp, ISMM 2011},
  year		= {2011},
  editor	= {Soille, P. and Pesaresi, M. and Ouzounis, G.},
  volume	= {6671},
  series	= {Lecture Notes in Computer Science},
  doi		= {10.1007/978-3-642-21569-8},
  publisher	= {Springer-Verlag}
}

@Article{	  soille2011ismm,
  author	= {Soille, P.},
  title		= {Preventing chaining through transitions while favouring it
		  within homogeneous regions},
  doi		= {10.1007/978-3-642-21569-8_9},
  journal	= {Lecture Notes in Computer Science},
  pages		= {96--107},
  year		= {2011},
  volume	= {6671}
}

@Article{	  gueguen-soille2011ismm,
  author	= {Gueguen, L. and Soille, P.},
  title		= {Frequent and dependent connectivities},
  doi		= {10.1007/978-3-642-21569-8_11},
  journal	= {Lecture Notes in Computer Science},
  pages		= {120--131},
  year		= {2011},
  volume	= {6671}
}

@Article{	  ouzounis-soille2011ismm,
  author	= {Ouzounis, G. and Soille, P.},
  title		= {Pattern spectra from partition pyramids and hierarchies},
  doi		= {10.1007/978-3-642-21569-8_10},
  journal	= {Lecture Notes in Computer Science},
  pages		= {108--119},
  year		= {2011},
  volume	= {6671}
}

@Article{	  wilkinson-etal2011ismm,
  author	= {Wilkinson, M. and Soille, P. and Pesaresi, M. and
		  Ouzounis, G.},
  title		= {Concurrent computation of differential morphological
		  profiles on giga-pixel images},
  doi		= {10.1007/978-3-642-21569-8_29},
  journal	= {Lecture Notes in Computer Science},
  pages		= {331-342},
  year		= {2011},
  volume	= {6671}
}

@InProceedings{	  soille2011ismm_inproc,
  author	= {Soille, P.},
  title		= {Preventing chaining through transitions while favouring it
		  within homogeneous regions},
  doi		= {10.1007/978-3-642-21569-8_9},
  booktitle	= {Proc. of 10th Int. Symp. on Mathematical Morphology},
  pages		= {96--107},
  year		= {2011},
  volume	= {6671},
  series	= {Lecture Notes in Computer Science},
  publisher	= {Springer-Verlag}
}

@InProceedings{	  ouzounis-soille2011ismm_inproc,
  author	= {Ouzounis, G. and Soille, P.},
  title		= {Pattern spectra from partition pyramids and hierarchies},
  doi		= {10.1007/978-3-642-21569-8_10},
  booktitle	= {Proc. of 10th Int. Symp. on Mathematical Morphology},
  pages		= {108-119},
  year		= {2011},
  volume	= {6671},
  series	= {Lecture Notes in Computer Science},
  publisher	= {Springer-Verlag}
}

@InProceedings{	  gueguen-soille2011ismm_inproc,
  author	= {Gueguen, L. and Soille, P.},
  title		= {Frequent and dependent connectivities},
  doi		= {10.1007/978-3-642-21569-8_11},
  booktitle	= {Proc. of 10th Int. Symp. on Mathematical Morphology},
  pages		= {120-131},
  year		= {2011},
  volume	= {6671},
  series	= {Lecture Notes in Computer Science},
  publisher	= {Springer-Verlag}
}

@InProceedings{	  wilkinson-etal2011ismm_inproc,
  author	= {Wilkinson, M. and Soille, P. and Pesaresi, M. and
		  Ouzounis, G.},
  title		= {Concurrent computation of differential morphological
		  profiles on giga-pixel images},
  doi		= {10.1007/978-3-642-21569-8_29},
  booktitle	= {Proc. of 10th Int. Symp. on Mathematical Morphology},
  pages		= {331-342},
  year		= {2011},
  volume	= {6671},
  series	= {Lecture Notes in Computer Science},
  publisher	= {Springer-Verlag}
}

@InProceedings{	  soille2011ismm_inproced,
  author	= {Soille, P.},
  title		= {Preventing chaining through transitions while favouring it
		  within homogeneous regions},
  doi		= {10.1007/978-3-642-21569-8_9},
  booktitle	= {Proc. of 10th Int. Symp. on Mathematical Morphology},
  pages		= {96--107},
  year		= {2011},
  editor	= {Soille, P. and Pesaresi, M. and Ouzounis, G.},
  volume	= {6671},
  series	= {Lecture Notes in Computer Science},
  publisher	= {Springer-Verlag}
}

@InProceedings{	  ouzounis-soille2011ismm_inproced,
  author	= {Ouzounis, G. and Soille, P.},
  title		= {Pattern spectra from partition pyramids and hierarchies},
  doi		= {10.1007/978-3-642-21569-8_10},
  booktitle	= {Proc. of 10th Int. Symp. on Mathematical Morphology},
  pages		= {108-119},
  year		= {2011},
  editor	= {Soille, P. and Pesaresi, M. and Ouzounis, G.},
  volume	= {6671},
  series	= {Lecture Notes in Computer Science},
  publisher	= {Springer-Verlag}
}

@InProceedings{	  gueguen-soille2011ismm_inproced,
  author	= {Gueguen, L. and Soille, P.},
  title		= {Frequent and dependent connectivities},
  doi		= {10.1007/978-3-642-21569-8_11},
  booktitle	= {Proc. of 10th Int. Symp. on Mathematical Morphology},
  pages		= {120-131},
  year		= {2011},
  editor	= {Soille, P. and Pesaresi, M. and Ouzounis, G.},
  volume	= {6671},
  series	= {Lecture Notes in Computer Science},
  publisher	= {Springer-Verlag}
}

@Article{	  poli-soille2011isprs,
  author	= {Poli, D. and Soille, P.},
  title		= {Refinement of digital surface models through constrained
		  connectivity partitioning of optical imagery},
  doi		= {10.5194/isprsarchives-XXXVIII-4-W19-245-2011},
  journal	= {Int. Arch. Photogramm. Remote Sens. Spatial Inf. Sci.},
  year		= {2011},
  volume	= {XXXVIII-4/W19},
  pages		= {245-250}
}

@InProceedings{	  ouzounis-soille-pesaresi2011isrse,
  author	= {G. Ouzounis and P. Soille and M. Pesaresi},
  title		= {Rubble detection from {VHR} aerial imagery data using
		  differential morphological profiles},
  url		= {http://www.isprs.org/proceedings/2011/ISRSE-34/211104015Final00015.pdf},
  booktitle	= {Proc. of 34th Int. Symp. on Remote Sensing of the
		  Environment},
  year		= {2011},
  address	= {Sydney},
  month		= apr,
  publisher	= {Int. Center for Remote Sensing of Environment (ICRSE)}
}

@Article{	  poggio-soille2011catena,
  author	= {Poggio, L. and Soille, P.},
  title		= {A probabilistic approach to river network detection in
		  digital elevation models},
  journal	= {CATENA},
  year		= {2011},
  doi		= {10.1016/j.catena.2011.07.001},
  volume	= {87},
  number	= {3},
  pages		= {341-350},
  month		= dec
}

@Article{	  kemper-etal2011ijde,
  author	= {Kemper, T. and Jenerowicz, M. and Pesaresi, M. and Soille,
		  P.},
  title		= {Monitoring changes in the {M}enik farm {IDP} camps in
		  {S}ri {L}anka using multi-temporal very high-resolution
		  satellite data},
  journal	= {International Journal of Digital Earth},
  year		= {2011},
  doi		= {10.1080/17538947.2010.512430},
  volume	= {4},
  number	= {Supp.~1},
  pages		= {91-106}
}

@InProceedings{	  wania-etal2011valgeo,
  author	= {A. Wania and Kemper, T. and Ehrlich, D. and Soille, P. and
		  Gallego ,J.},
  title		= {Definition of a reference dataset to assess the quality of
		  building information extracted automatically from {VHR}
		  satellite images},
  doi		= {10.2788/73045},
  booktitle	= {Proc. of 3rd Workshop on Validation of Geoinformation
		  Products for Crisis Management (ValGeo)},
  pages		= {37-45},
  year		= {2011},
  editor	= {Corbane, C. and Carrion, D. and Broglia, M. and Pesaresi,
		  M.},
  number	= {EUR~24948~EN}
}

@InProceedings{	  gueguen-pesaresis-soille2011valgeo,
  author	= {Gueguen, L. and Pesaresi, M. and Soille, P.},
  title		= {On the validation of an automatic roofless building
		  counting process},
  doi		= {10.2788/73045},
  booktitle	= {Proc. of 3rd Workshop on Validation of Geoinformation
		  Products for Crisis Management (ValGeo)},
  pages		= {47-53},
  year		= {2011},
  editor	= {Corbane, C. and Carrion, D. and Broglia, M. and Pesaresi,
		  M.},
  number	= {EUR~24948~EN}
}

@InProceedings{	  gueguen-pesaresi-soille2011igarss,
  author	= {Gueguen, L. and Pesaresi, M. and Soille, P.},
  title		= {An interactive image mining tool handling gigapixel
		  images},
  doi		= {10.1109/IGARSS.2011.6049373},
  booktitle	= {Proc. of IGARSS 2011},
  pages		= {1581-1584},
  year		= {2011},
  month		= jul,
  publisher	= {IEEE Press}
}

@Article{	  gueguen-soille-pesaresi2011,
  author	= {Gueguen, L. and Soille, P. and Pesaresi, M. },
  title		= {Change detection based on information measure},
  journal	= {IEEE Transactions on Geoscience and Remote Sensing},
  year		= {2011},
  doi		= {10.1109/TGRS.2011.2141999},
  volume	= {49},
  number	= {11},
  pages		= {4503-4515},
  month		= nov
}

@InProceedings{	  jenerowicz-kemper-soille2011spie,
  author	= {Jenerowicz, M. and Kemper, T. and Soille, P.},
  title		= {An automated procedure for the detection of {IDP}'s
		  dwellings using {VHR} satellite imagery},
  doi		= {10.1117/12.898187},
  booktitle	= {Proc. SPIE 8180},
  year		= {2011}
}

@Misc{		  ouzounis-etal2011un-nairobi,
  author	= {Ouzounis, G. and Gueguen, L. and Soille, P. and Pesaresi,
		  M.},
  title		= {Engines and Algorithms},
  howpublished	= {Slides of oral presentation at the 1st International
		  Workshop Remote Sensing for the Environment for the Sub
		  Saharian Regions},
  year		= {2011}
}

@Article{	  gueguen-etal2012grsl,
  author	= {Gueguen, L. and Pesaresi, M. and Gerhardinger, A. and
		  Soille, P.},
  title		= {Characterising and counting roofless buildings in very
		  high resolution images},
  journal	= {Geoscience and Remote Sensing Letters},
  year		= {2012},
  doi		= {10.1109/LGRS.2011.21611750},
  volume	= {9},
  number	= {1},
  pages		= {114-118},
  month		= jan
}

@Article{	  poggio-soille2012hyp,
  author	= {Poggio, L. and Soille, P.},
  title		= {Influence of pit removal methods on river network
		  position},
  journal	= {Hydrological Processes},
  year		= {2012},
  doi		= {10.1002/hyp.8290},
  volume	= {26},
  pages		= {1984-1990}
}

@Article{	  soille-najman2012lncs,
  author	= {Soille, P. and Najman, L.},
  title		= {On morphological hierarchical representations for image
		  processing and spatial data clustering},
  journal	= {Lecture Notes in Computer Science},
  year		= {2012},
  doi		= {10.1007/978-3-642-32313-3_4},
  volume	= {7346},
  pages		= {43-67}
}

@InCollection{	  soille-najman2012lncs_incolled,
  author	= {Soille, P. and Najman, L.},
  title		= {On morphological hierarchical representations for image
		  processing and spatial data clustering},
  booktitle	= {Applications of Discrete Geometry and Mathematical
		  Morphology},
  doi		= {10.1007/978-3-642-32313-3_4},
  pages		= {43-67},
  publisher	= {Springer},
  year		= {2012},
  editor	= {K\"othe, U. and Montanvert, A. and Soille, P.},
  volume	= {7346},
  series	= {Lecture Notes in Computer Science}
}

@InCollection{	  soille-najman2012lncs_incoll,
  author	= {Soille, P. and Najman, L.},
  title		= {On morphological hierarchical representations for image
		  processing and spatial data clustering},
  booktitle	= {Applications of Discrete Geometry and Mathematical
		  Morphology},
  doi		= {10.1007/978-3-642-32313-3_4},
  pages		= {43-67},
  publisher	= {Springer},
  year		= {2012},
  volume	= {7346},
  series	= {Lecture Notes in Computer Science}
}

@Book{		  koethe-montanvert-soille2012,
  editor	= {K\"othe, U. and Montanvert, A. and Soille, P.},
  title		= {Applications of Discrete Geometry and Mathematical
		  Morphology},
  publisher	= {Springer},
  year		= {2012},
  doi		= {10.1007/978-3-642-32313-3},
  volume	= {7346},
  series	= {Lecture Notes in Computer Science},
  address	= {Berlin}
}

@Article{	  ouzounis-pesaresi-soille2012,
  author	= {Ouzounis, G. and Pesaresi, M. and Soille, P.},
  title		= {Differential area profiles: decomposition properties and
		  efficient computation},
  journal	= {IEEE Transactions on Pattern Analysis and Machine
		  Intelligence},
  year		= {2012},
  doi		= {10.1109/TPAMI.2011.245},
  volume	= {34},
  number	= {8},
  pages		= {1533-1548},
  month		= aug
}

@Article{	  poli-soille2012,
  author	= {Poli, D. and Soille, P.},
  title		= {Digital surface models extraction from {ISPRS} benchmark
		  stereo data and refinement through constrained connectivity
		  partitioning},
  journal	= {Pho\-to\-gram\-me\-trie-Fern\-er\-kun\-dung-Geo\-in\-for\-ma\-tion},
  year		= {2012},
  doi		= {10.1127/1432-8364/2012/0120},
  volume	= {2012},
  number	= {4},
  pages		= {317-329},
  month		= aug
}

@TechReport{	  ouzounis-soille2012tr,
  author	= {Ouzounis, G. and Soille, P.},
  title		= {The Alpha-Tree Algorithm: Theory, Algorithm, and
		  Applications},
  institution	= {Joint Research Centre, European Commission},
  year		= {2012},
  doi		= {10.2788/48773},
  number	= {25500~EN},
  month		= sep
}

@Proceedings{	  soille-etal2012iimproc,
  title		= {Proc. of 8th Image Information Mining: Knowledge Discovery
		  from Earth Observation Data},
  year		= {2012},
  doi		= {10.2788/49465},
  editor	= {Soille, P. and Iapaolo, M. and Marchetti, P.G. and Datcu,
		  M.},
  address	= {German Aerospace Centre (DLR), Oberpfaffenhofen, Germany},
  month		= oct,
  organization	= {ESA-EUSC-JRC},
  publisher	= {Joint Research Centre of the European Commission}
}

@InProceedings{	  gueguen-etal2012iim,
  author	= {Gueguen, L. and Ouzounis, G. and Pesaresi, M. and Soille,
		  P.},
  title		= {Tree based representations for fast information mining
		  from {VHR} images},
  doi		= {10.2788/49465},
  booktitle	= {Proc. of 8th Conference on Image Information Mining},
  pages		= {15-20},
  month		= oct,
  year		= {2012},
  editor	= {Soille, P. and Iapaolo, M. and Marchetti, P.G. and Datcu,
		  M.},
  organization	= {ESA-EUSC-JRC},
  publisher	= {Joint Research Centre of the European Commission}
}

@InProceedings{	  ouzounis-etal2012iim,
  author	= {Ouzounis, G. and Syrris, V. and Gueguen, L. and Soille,
		  P.},
  title		= {The switchboard platform for interactive image information
		  mining},
  doi		= {10.2788/49465},
  booktitle	= {Proc. of 8th Conference on Image Information Mining},
  pages		= {26-30},
  month		= oct,
  year		= {2012},
  editor	= {Soille, P. and Iapaolo, M. and Marchetti, P.G. and Datcu,
		  M.},
  organization	= {ESA-EUSC-JRC},
  publisher	= {Joint Research Centre of the European Commission}
}

@InProceedings{	  kemper-gueguen-soille2012spie,
  author	= {Kemper, T. and Gueguen, L. and Soille, P.},
  title		= {Improving the automated detection of refugee/{IDP}
		  dwellings using the multispectral bands of {W}orld{V}iew-2
		  satellite},
  doi		= {10.1117/12.919841},
  booktitle	= {Proc. of Algorithms and Technologies for Multispectral,
		  Hyperspectral, and Ultraspectral Imagery XVIII},
  year		= {2012},
  editor	= {Shen, S. and Lewis, P.},
  volume	= {8390},
  publisher	= {SPIE}
}

@InProceedings{	  gueguen-velasco-soille2012igarss,
  author	= {Gueguen, L. and Velasco-Forero, S. and Soille, P.},
  title		= {Edge extraction by statistical dependence analysis:
		  application to a multi-angular {Wo}rld{V}iew-2 series},
  doi		= {10.1109/IGARSS.2012.6350679},
  booktitle	= {Proc. Int. Symp. on Geoscience and Remote Sensing
		  (IGARSS)},
  pages		= {3447-3450},
  year		= {2012},
  address	= {Munich},
  month		= jul,
  organization	= {IEEE}
}

@InProceedings{	  gueguen-soille-pesaresi2012igarss,
  author	= {Gueguen, L. and Soille, P. and Pesaresi, M.},
  title		= {A new built-up presence index based on density of
		  corners},
  doi		= {10.1109/IGARSS.2012.6352386},
  booktitle	= {Proc. Int. Symp. on Geoscience and Remote Sensing
		  (IGARSS)},
  pages		= {5398-5401},
  year		= {2012},
  address	= {Munich},
  month		= jul,
  publisher	= {IEEE}
}

@Book{		  pesaresi-etal2012ghsltr,
  author	= {Pesaresi, M. and Blaes, X. and Ehrlich D. and Ferri, S.
		  and Gueguen, L. and Haag, F. and Halkia, S. and Heinzel, J.
		  and Kauffmann, M. and Kemper, T. and Ouzounis, G. and
		  Scavazzon, M. and Soille, P. and Syrris, V. and Zanchetta
		  L.},
  title		= {A Global Human Settlement Layer from optical high
		  resolution imagery: Concept and first results},
  publisher	= {Joint Research Centre of the European Commission},
  year		= {2012},
  doi		= {10.2788/73897}
}

@Article{	  ehrlich-etal2013nh,
  author	= {Ehrlich, D. and Kemper, T. and Blaes, X. and Soille, P.},
  title		= {Extracting building stock information from optical
		  satellite imagery for mapping earthquake exposure and its
		  vulnerability},
  journal	= {Natural Hazards},
  year		= {2013},
  doi		= {10.1007/s11069-012-0482-0},
  volume	= {68},
  number	= {1},
  pages		= {79-95},
  month		= {Aug}
}

@Article{	  pesaresi-etal2013jstars,
  author	= {Pesaresi, M. and Huadong, G. and Blaes, X. and Ehrlich, D.
		  and Ferri, S. and Gueguen, L. and Halkia, M. and Kauffmann,
		  M. and Kemper, T. and Lu, L. and Marin-Herrera, M. and
		  Ouzounis, G. and Scavazzon, M. and Soille, P. and Syrris,
		  V. and Zanchetta, L.},
  title		= {A global human settlement layer form optical {HR/VHR} {RS}
		  data: concepts and first results},
  journal	= {Journal of Earth Observation Applications},
  year		= {2013},
  doi		= {10.1109/JSTARS.2013.2271445},
  volume	= {6},
  number	= {5},
  pages		= {2102-2131}
}

@Article{	  pesaresi-etal2013jstars_etal,
  author	= {Pesaresi, M. and et al.},
  title		= {A global human settlement layer form optical {HR/VHR} {RS}
		  data: concepts and first results},
  journal	= {Journal of Earth Observation Applications},
  year		= {2013},
  doi		= {10.1109/JSTARS.2013.2271445},
  volume	= {6},
  number	= {5},
  pages		= {2102-2131}
}

@Article{	  pesaresi-etal2013jstars_with-note,
  author	= {Pesaresi, M. and Huadong, G. and Blaes, X. and Ehrlich, D.
		  and Ferri, S. and Gueguen, L. and Halkia, M. and Kauffmann,
		  M. and Kemper, T. and Lu, L. and Marin-Herrera, M. and
		  Ouzounis, G. and Scavazzon, M. and Soille, P. and Syrris,
		  V. and Zanchetta, L.},
  title		= {A global human settlement layer form optical {HR/VHR} {RS}
		  data: concepts and first results},
  journal	= {Journal of Earth Observation Applications},
  year		= {2013},
  doi		= {10.1109/JSTARS.2013.2271445},
  volume	= {6},
  number	= {5},
  pages		= {2102-2131}
}

@InProceedings{	  lu-etal2013jurse,
  author	= {Lu, L. and Guo, H. and Pesaresi, M. and Soille, P. and
		  Ferri, S.},
  title		= {Automatic Recognition of Built-up Areas in {C}hina Using
		  {CBERS-2B} {HR} Data},
  doi		= {10.1109/JURSE.2013.6550667},
  booktitle	= {Proc. of Urban Remote Sensing Event (JURSE) 2013},
  pages		= {65-68},
  year		= {2013},
  publisher	= {IEEE}
}

@TechReport{	  soille2013tr,
  author	= {Soille, P.},
  title		= {2.5m pan-{E}uropean natural colour mosaic with adaptive
		  seamlines and cloud minimisation},
  institution	= {Joint Research Centre of the European Commission},
  year		= {2013}
}

@Article{	  velasco-angulo-soille2014jmiv,
  author	= {Velasco-Forero, S. and Angulo, J. and Soille, P.},
  title		= {Conditional toggle mappings: principles and applications},
  journal	= {Journal of Mathematical Imaging and Vision},
  year		= {2014},
  doi		= {10.1007/s10851-013-0429-4},
  volume	= {48},
  number	= {3},
  pages		= {544-565},
  month		= mar
}

@Article{	  gueguen-velasco-soille2014jmiv,
  author	= {Gueguen, L. and Velasco-Forero, S. and Soille, P.},
  title		= {Local mutual information for dissimilarity-based image
		  segmentation},
  journal	= {Journal of Mathematical Imaging and Vision},
  year		= {2014},
  doi		= {10.1007/s10851-013-0432-9},
  volume	= {48},
  number	= {3},
  pages		= {625-644},
  month		= mar
}

@Proceedings{	  soille-etal2014iimproc,
  title		= {Proc. of ESA-EUSC-JRC 9th conference on Image Information
		  Mining},
  subtitle	= {The {S}entinels Era},
  year		= {2014},
  doi		= {10.2788/25852},
  editor	= {Soille, P. and Marchetti, P.G. and Iapaolo, M. and
		  Colaiacomo, L. and Datcu, M.},
  address	= {University Politehnica of Bucharest (Romania)},
  month		= mar,
  organization	= {ESA-EUSC-JRC},
  publisher	= {Joint Research Centre of the European Commission},
  url		= {http://rssportal.esa.int/tiki-index.php?page=ESA-EUSC-JRC-2014}
}

@Misc{		  soille2014core3viewer,
  author	= {Soille, P.},
  title		= {Copernicus {CORE3} {SPOT} 2.5 Pan-sharpened Pan-{E}uropean
		  Mosaic: Core\_003 Mosaic (Seamlines)},
  url		= {http://cidportal.jrc.ec.europa.eu/copernicus/services/webviewer/core003/},
  year		= {2014},
  institution	= {Joint Research Centre of the European Commission}
}

@TechReport{	  soille2014core3mosaic,
  author	= {Soille, P.},
  title		= {Morphological mosaicing of Copernicus {CORE3} {SPOT} 2.5
		  pan-sharpened pan-{E}uropean imagery with automatic
		  seamline generation},
  institution	= {Joint Research Centre of the European Commission},
  year		= {2014},
  optkey	= {},
  opttype	= {},
  optnumber	= {},
  optaddress	= {},
  optmonth	= {},
  optannote	= {}
}

@InProceedings{	  soille2014s24s,
  author	= {Soille, P.},
  title		= {Towards the Compositing and Mosaicing of {S}entinel-2
		  Images Using Quality and Spatial Coherence Constraints},
  optcrossref	= {},
  url		= {http://seom.esa.int/S2forScience2014/index.php},
  booktitle	= {Proc. of Sentinel-2 for Science Workshop},
  optpages	= {},
  year		= {2014},
  opteditor	= {},
  optvolume	= {},
  optnumber	= {},
  optseries	= {},
  optaddress	= {},
  month		= may,
  organization	= {ESA},
  optpublisher	= {},
  optnote	= {},
  optannote	= {}
}

@Proceedings{	  soille-marchetti2014bids,
  title		= {Proc. of the 2014 Conference on Big Data from Space
		  (BiDS'14)},
  year		= {2014},
  doi		= {10.2788/1823},
  editor	= {Soille, P. and Marchetti, P.G.},
  address	= {Frascati, Italy},
  month		= nov,
  organization	= {ESA-JRC-SatCen},
  publisher	= {Publications Office of the European Union}
}

@InProceedings{	  soille2014bids,
  author	= {Soille, P.},
  title		= {Seamless Mosaicing of Very High Resolution Satellite Data
		  at Continental Scale},
  booktitle	= {Proc. of the 2014 Conference on Big Data from Space
		  (BiDS'14)},
  pages		= {222-223},
  year		= {2014},
  editor	= {Soille, P. and Marchetti, P.G.},
  doi		= {10.5281/zenodo.3248602},
  url		= {https://cidportal.jrc.ec.europa.eu/services/webview/jeodpp/databrowser/?default=core003Seamline},
  month		= nov,
  publisher	= {Publications Office of the European Union}
}

@Book{		  syrris-etal2015tr,
  author	= {Syrris, V. and Grazzini, J. and De Marchi, D. and Soille,
		  P. and Burger, A.},
  title		= {Survey on the current and future user requirements in the
		  framework of the JRC {E}arth Oservation {\&} Social Sensing
		  Big Data pilot project},
  publisher	= {Joint Research Centre of the European Commission},
  year		= {2015},
  series	= {JRC Technical Report}
}

@InProceedings{	  pesaresi-etal2015muas,
  author	= {Pesaresi, M. and Ehrlich, D. and Ferri, S. and Florczyk,
		  A. and Freire, S. and Halkia, M. and Julea, A. and Kemper,
		  T. and Soille, P. and Syrris, V.},
  title		= {The Global Human Settlement Layer},
  url		= {http://due.esrin.esa.int/muas2015/files/Abstract_Book_MUAS.pdf},
  booktitle	= {Mapping Urban Areas from Space (MUAS) conference (abstract
		  book)},
  year		= {2015},
  page		= {2-3},
  address	= {Frascati, Italy},
  publisher	= {European Space Agency}
}

@Article{	  pesaresi-etal2015isprs,
  author	= {M. Pesaresi and D. Ehrlich and S. Ferri and A. Florczyk
		  and S. Freire and F. Haag and M. Halkia and A. M. Julea and
		  T. Kemper and P. Soille},
  title		= {Global Human Settlement Analysis for Disaster Risk
		  Reduction},
  journal	= {Int. Arch. Photogramm. Remote Sens. Spatial Inf. Sci.},
  year		= {2015},
  doi		= {10.5194/isprsarchives-XL-7-W3-837-2015},
  volume	= {XL-7/W3},
  pages		= {837-843}
}

@Misc{		  soille2015cern,
  author	= {Soille, P.},
  title		= {JRC Big Data Needs and Directions},
  howpublished	= {Oral presentation at CERN},
  year		= {2015},
  url		= {https://cds.cern.ch/record/2030180}
}

@Article{	  florczyk-etal2016jstars,
  author	= {Florczyk, A. J. and Ferri, S. and Syrris, V. and Kemper,
		  T. and Halkia, M. and Soille, P. and Pesaresi, M. },
  title		= {A New European Settlement Map From Optical Remotely Sensed
		  Data},
  journal	= {IEEE Journal of Selected Topics in Applied Earth
		  Observations and Remote Sensing},
  year		= {2016},
  doi		= {10.1109/JSTARS.2015.2485662},
  volume	= {9},
  number	= {5},
  pages		= {1978-1992},
  month		= may
}

@InProceedings{	  burger-soille2016cs3,
  author	= {Burger, A. and Soille, P.},
  title		= {Towards an infrastucture for interactive {E}arth
		  {O}bservation data analysis and processing},
  doi		= {10.5281/zenodo.44783},
  booktitle	= {Book of Abstacts of Cloud Services for Synchronisation and
		  Sharing},
  year		= {2016},
  editor	= {Chan, B.},
  pages		= {27},
  publisher	= {CERN},
  organization	= {ETH Z{\"u}rich}
}

@TechReport{	  pesaresi-etal2016trghsl,
  title		= {Operating procedure for the production of the Global Human
		  Settlement Layer from {L}andsat data of the epochs 1975,
		  1990, 2000, and 2014},
  author	= {Pesaresi, M. and Ehrlich, D. and Ferri, S. and Florczyk,
		  A. J. and Freire, S. and Halkia, M. and Julea, A. and
		  Kemper, T. and Soille, P. and Syrris, V.},
  publisher	= {Publications Office of the European Union},
  institution	= {Joint Research Centre of the European Commission},
  year		= {2016},
  number	= {EUR 27741 EN},
  opttype	= {JRC Technical Report},
  doi		= {10.2788/253582}
}

@Proceedings{	  soille-marchetti2016bids,
  title		= {Proc. of the 2016 Conference on Big Data from Space
		  (BiDS'16)},
  year		= {2016},
  doi		= {10.2788/854791},
  editor	= {Soille, P. and Marchetti, P.G.},
  address	= {Tenerife, Spain},
  month		= mar,
  organization	= {ESA-JRC-SatCen},
  publisher	= {Publications Office of the European Union}
}

@InProceedings{	  soille-etal2016bids,
  author	= {P. Soille and A. Burger and D. Rodriguez and V. Syrris and
		  V. Vasilev},
  title		= {Towards a {JRC} {E}arth Observation Data and Processing
		  Platform},
  pages		= {65-68},
  doi		= {10.5281/zenodo.3248713},
  booktitle	= {Proc. of the 2016 Conference on Big Data from Space
		  (BiDS'16)},
  year		= {2016},
  editor	= {Soille, P. and Marchetti, P.G.},
  publisher	= {Publications Office of the European Union}
}

@InProceedings{	  soille-etal2016bids_short,
  author	= {P. Soille and A. Burger and D. Rodriguez and V. Syrris and
		  V. Vasilev},
  title		= {Towards a {JRC} {E}arth Observation Data and Processing
		  Platform},
  pages		= {65-68},
  doi		= {10.5281/zenodo.3248713},
  booktitle	= {Proc. of BiDS'16},
  year		= {2016}
}

@InProceedings{	  syrris-rodriguez-soille2016bids,
  author	= {V. Syrris and D. Rodriguez and P. Soille},
  title		= {Task allocation in high performance processing of
		  geospatial data},
  pages		= {111-114},
  url		= {http://publications.jrc.ec.europa.eu/repository/bitstream/JRC98347/syrris-etal2016bids.pdf},
  doi		= {10.2788/854791},
  booktitle	= {Proc. of the 2016 Conference on Big Data from Space
		  (BiDS'16)},
  year		= {2016},
  editor	= {Soille, P. and Marchetti, P.G.},
  publisher	= {Publications Office of the European Union}
}

@Article{	  marchetti-soille-bruzzone2016grsm,
  author	= {Marchetti, P.G. and Soille, P. and Bruzzone, L.},
  title		= {A Special Issue on Big Data from Space for Geoscience and
		  Remote Sensing},
  journal	= {IEEE Geoscience and Remote Sensing Magazine},
  year		= {2016},
  doi		= {10.1109/MGRS.2016.2586852},
  pages		= {7-9},
  volume	= {4},
  number	= {3},
  month		= sep
}

@Article{	  pesaresi-etal2016rs,
  author	= {Pesaresi, M. and Corbane, C. and Julea, A. and Florczyk,
		  A. and Syrris, V. and Soille, P.},
  title		= {Assessment of the Added-Value of {S}entinel-2 for
		  Detecting Built-up Areas},
  journal	= {Remote Sensing},
  year		= {2016},
  doi		= {10.3390/rs8040299},
  volume	= {8},
  number	= {4},
  pages		= {299}
}

@TechReport{	  syrris-etal2016tr-sandbox-use-cases,
  author	= {Syrris, V. and Kempeneers, P. and Rodriguez, D. and
		  Soille, P.},
  title		= {Sandbox Computing Environment of the {JRC} Earth
		  Observation Data and Processing Platform: 2016 Use-Case
		  Report},
  institution	= {Joint Research Centre of the European Commission},
  year		= {2016},
  url		= {http://skp.jrc.cec.eu.int/skp/showPub?id=JRC105159},
  number	= {JRC105159}
}

@TechReport{	  burger-etal2016tr-idps,
  author	= {Burger, A. and De Marchi, D. and Eyraud, F. and Gregory,
		  I. and Kempeneers, P. and Rodriguez, D. and Soille, P. and
		  Vasilev, V.},
  title		= {{JRC} Earth Observation Data and Processing Platform:
		  Integrated Data and Processing System},
  institution	= {Joint Research Centre of the European Commission},
  year		= {2016},
  url		= {http://skp.jrc.cec.eu.int/skp/showPub?id=JRC104507},
  number	= {JRC104507}
}

@Misc{		  soille2016eodcforum,
  author	= {Soille, P.},
  title		= {Big Data Solutions for {EO} pursued at {JRC}},
  howpublished	= {Slides of presentation at 2016 EODC FORUM, 31st May--1st
		  June, Vienna, Austria},
  year		= {2016}
}

@InProceedings{	  burger-soille2017cs3,
  author	= {Burger, A. and Soille, P.},
  title		= {Web-based interactive analysis and visualisation of
		  {E}arth {O}bservation data at petabyte scale},
  url		= {https://indico.cern.ch/event/565381/contributions/2402650/contribution.pdf},
  booktitle	= {Book of Abstacts of Cloud Services for Synchronisation and
		  Sharing},
  year		= {2017}
}

@InProceedings{	  burger-etal2017eosworkshop,
  author	= {Burger, A. and Vasilev, V. and Soille, P. and Iztok, G.
		  and Rodriguez, D.},
  title		= {{EOS} as storage back-end for {E}arth {O}bservation data
		  processing at the {EC} {J}oint {R}esearch {C}entre},
  url		= {https://indico.cern.ch/event/591485/contributions/2450251/},
  booktitle	= {EOS Workshop},
  year		= {2017},
  month		= feb,
  address	= {Ginevra, Switzerland},
  organization	= {CERN},
  publisher	= {CERN}
}

@Article{	  soille-etal2017fgcs,
  author	= {Soille, P. and Burger, A. and De Marchi, D. and
		  Kempeneers, P. and Rodriguez, D. and Syrris, V. and
		  Vasilev, V.},
  title		= {A Versatile Data-Intensive Computing Platform for
		  Information Retrieval from Big Geospatial Data},
  journal	= {Future Generation Computer Systems},
  year		= {2018},
  doi		= {10.1016/j.future.2017.11.007},
  volume	= {81},
  number	= {4},
  pages		= {30-40},
  month		= apr
}

@Book{		  simonetti-etal2017tr,
  author	= {Simonetti, D. and Marelli, A. and Rodriguez, D. and
		  Veselin, V. and Strobl, P. and Burger, A. and Soille, P.
		  and Achard, F. and Eva, H. and Stibig, H.-J. and Beuchle,
		  R.},
  title		= {Sentinel-2 {W}eb platform for {REDD$+$} monitoring},
  subtitle	= {Online web platform for browsing and processing
		  {S}entinel-2 data for forest cover monitoring over the
		  {T}ropics},
  publisher	= {Joint Research Centre of the European Commission},
  year		= {2017},
  doi		= {10.2760/790249},
  series	= {JRC Technical Report}
}

@Article{	  santamaria-etal2017rs,
  author	= {Santamaria, C. and Alvarez, M. and Greidanus, H. and
		  Syrris, V. and Soille, P. and Argentieri, P.},
  title		= {Mass processing of {S}entinel-1 images for maritime
		  surveillance},
  journal	= {Remote Sensing},
  year		= {2017},
  doi		= {10.3390/rs9070678},
  volume	= {9},
  number	= {7},
  pages		= {678/1-678/20}
}

@Misc{		  corbane-etal2017worldcover,
  author	= {Corbane, C. and Pesaresi, M. and Syrris, V. and Kemper, T.
		  and Politis, P. and Soille, P. and Florczyk, A. and Sabo,
		  F. and Rodriguez, D. and Maffenini, L. and Ferri, S.},
  title		= {Global Mapping of Human settlements with {S}entinel-1 and
		  {S}entinel-2 data: Recent developments in the {G}lobal
		  {H}uman {S}ettlement {L}ayer},
  howpublished	= {Slides of presentation at WorldCover'2017, ESA, Frascati,
		  Italy},
  month		= mar,
  year		= {2017},
  url		= {http://worldcover2017.esa.int/files/2.2-p1.pdf}
}

@Article{	  corbane-etal2017bed,
  title		= {Big earth data analytics on {S}entinel-1 and {L}andsat
		  imagery in support to global human settlements mapping},
  author	= {Christina Corbane and Martino Pesaresi and Panagiotis
		  Politis and Vasileios Syrris and Florczyk, Aneta J. and
		  Pierre Soille and Luca Maffenini and Armin Burger and
		  Veselin Vasilev and Dario Rodriguez and Filip Sabo and
		  Lewis Dijkstra and Thomas Kemper},
  journal	= {Big Earth Data},
  year		= {2017},
  number	= {1--2},
  pages		= {118-144},
  volume	= {1},
  doi		= {10.1080/20964471.2017.1397899}
}

@Misc{		  soille2017eodcforum,
  author	= {Soille, P.},
  title		= {Big EO data at JRC: activities, ideas, and vision},
  howpublished	= {Slides of presentation at 2017 EODC FORUM, 9--10 May,
		  Vienna, Austria},
  year		= {2017}
}

@InProceedings{	  vasilev-etal2017htcondor,
  author	= {Vasilev, V. and Rodriguez, D. and Soille, P. and Burger,
		  A. },
  title		= {Flexible and Cost-effective Petabyte-Scale Architecture
		  with {HTCondor} Processing and {EOS} Storage Backend for
		  {E}arth {O}bservation Applications},
  url		= {https://indico.cern.ch/event/611296/contributions/2604353/},
  booktitle	= {Book of abstracts of HTCondor European Conference 2017},
  year		= {2017},
  address	= {Hamburg, Germany},
  organization	= {DESY},
  publisher	= {CERN}
}

@InProceedings{	  rodriguez-etal2017htcondor,
  author	= {Rodriguez, D. and Vasilev, V. and Soille, P.},
  title		= {Experiences with {HTCondor} Universes on a Petabyte Scale
		  Platform for {E}arth {O}bservation Data Processing},
  url		= {https://indico.cern.ch/event/611296/contributions/2604355/},
  booktitle	= {Book of abstracts of HTCondor European Conference 2017},
  year		= {2017},
  address	= {Hamburg, Germany},
  organization	= {DESY},
  publisher	= {CERN}
}

@Misc{		  santamaria-etal2017malta,
  author	= {Santamaria, C. and Alvarez, M. and Greidanus, H. and
		  Syrris, V. and Soille, P. and Argentieri, P.},
  title		= {Ship traffic in the {M}ed {S}ea},
  howpublished	= {Poster presented at Space Solutions for Resilience in the
		  Mediterranean, Malta, 26--27/6},
  year		= {2017}
}

@Misc{		  soille2017msparsajeodpp,
  author	= {Soille, P.},
  title		= {Petabyte Scale Processing and Analysis for Remote Sensing
		  Applications},
  howpublished	= {Slides presented at the multivariate Signal Processing and
		  Analysis for Remote Sensing Applications ---multivariate
		  Signal Processing and Analysis for Remote Sensing
		  Applications--- mSPARSA 2017, Bra\,sov, Romania},
  month		= jul,
  year		= {2017}
}

@Misc{		  soille2017msparsaconnectivity,
  author	= {Soille, P.},
  title		= {Alpha-Connectivity: Principles and Applications},
  howpublished	= {Slides presented at the multivariate Signal Processing and
		  Analysis for Remote Sensing Applications ---multivariate
		  Signal Processing and Analysis for Remote Sensing
		  Applications--- mSPARSA 2017, Bra\,sov, Romania},
  month		= jul,
  year		= {2017}
}

@Proceedings{	  soille-marchetti2017bids,
  title		= {Proc. of the 2017 Conference on Big Data from Space
		  (BiDS'17)},
  year		= {2017},
  doi		= {10.2760/383579},
  editor	= {Soille, P. and Marchetti, P.G.},
  address	= {Toulouse, France},
  month		= nov,
  organization	= {ESA-JRC-SatCen},
  publisher	= {Publications Office of the European Union}
}

@InProceedings{	  corbane-etal2017bids_short,
  author	= {C. Corbane and M. Pesaresi and P. Politis and V. Syrris
		  and Florczyk, A.J. and P. Soille and L. Maffenini and A.
		  Burger and V. Vasilev and D. Rodriguez Aseretto and F. Sabo
		  and L. Dijkstra and T. Kemper},
  title		= {Mass processing of {S}entinel-1 and {L}andsat data for
		  mapping human settlements at global level},
  pages		= {52-55},
  doi		= {10.2760/383579},
  booktitle	= {Proc. of BiDS'17},
  year		= {2017}
}

@InProceedings{	  demarchi-etal2017bids_short,
  author	= {De Marchi, D. and Burger, A. and Kempeneers, P. and
		  Soille, P.},
  title		= {Interactive visualisation and analysis of geospatial data
		  with {J}upyter},
  pages		= {71-74},
  doi		= {10.5281/zenodo.3248741},
  booktitle	= {Proc. of BiDS'17},
  year		= {2017}
}

@InProceedings{	  soille-etal2017bids_short,
  author	= {Soille, P. and Burger, A. and De Marchi, D. and Hasenohr,
		  P. and Kempeneers, P. and Rodriguez, D. and Syrris, V. and
		  Vasilev, V.},
  title		= {The {JRC} {E}arth {O}bservation {D}ata and {P}rocessing
		  {P}latform},
  pages		= {271-274},
  doi		= {10.5281/zenodo.3239211},
  booktitle	= {Proc. of BiDS'17},
  year		= {2017}
}

@InProceedings{	  kempeneers-soille2017bids_short,
  author	= {Kempeneers, P. and Soille, P.},
  title		= {Optimising {S}entinel-2 image selection in a big data
		  context},
  pages		= {177-180},
  doi		= {10.2760/383579},
  booktitle	= {Proc. of BiDS'17},
  year		= {2017}
}

@InProceedings{	  syrris-corbane-soille2017bids_short,
  author	= {Syrris, V. and Corbane, C. and Soille, P.},
  title		= {A global mosaic from {C}opernicus {S}entinel-1 data},
  pages		= {267-270},
  doi		= {10.5281/zenodo.3371079},
  booktitle	= {Proc. of BiDS'17},
  year		= {2017}
}

@InProceedings{	  martinez-etal2017,
  author	= {Martinez, L. and Di Leo, M. and Chemin, Y. and
		  Zarco-Tejada, P.J. and de La Fuente Martin, B. and
		  Rodriguez-Aseretto, R. and Kempeneers, P. and Soille, P.
		  and Beck, P.},
  title		= {Detecting stressed and pest-affected trees in aerial
		  photos through machine learning: a proof of concept},
  url		= {https://git.osgeo.org/gogs/foss4g-europe/foss4g-europe-2017-paris/src/master/presentations/2017-07-21/academic_track/foss4g-europe-2017-Detecting_stressed_and_pest-affected_trees_in_aerial_photos_through_machine_learning_a_proof_of_concept-MDiLeo-LMartinez-YChemin-P-JZarco-Tejada-BdeLaFutente-Martin-BPieterSA.pdf},
  booktitle	= {Conference on Free and Open Source Software for Geospatial
		  (FOSS4G)-Europe},
  year		= {2017},
  month		= jul,
  address	= {Paris}
}

@Book{		  pebesma-etal2017openeo,
  author	= {Pebesma, Edzer and Wagner, Wolfgang and Schramm, Matthias
		  and Von Beringe, Alexandra and Paulik, Christoph and
		  Neteler, Markus and Reiche, Johannes and Verbesselt, Jan
		  and Dries, Jeroen and Goor, Erwin and Mistelbauer, Thomas
		  and Briese, Christian and Notarnicola, Claudia and
		  Monsorno, Roberto and Marin, Carlo and Jacob, Alexander and
		  Kempeneers, Pieter and Soille, Pierre},
  title		= {{OpenEO}: a Common, Open Source Interface Between Earth
		  Observation Data Infrastructures and Front-End
		  Applications},
  month		= nov,
  year		= {2017},
  doi		= {10.5281/zenodo.1065474},
  publisher	= {Zenodo}
}

@TechReport{	  kemper-etal2017ghslv1,
  author	= {T. Kemper and C. Corbane and D. Ehrlich and Florczyk, A.J.
		  and S. Freire and L. Maffenini and M. Melchiorr and M.
		  Pesaresi and P. Politis and M. Schiavina and P. Soille and
		  V. Syrris},
  title		= {{GHS} built-up grid, derived from {L}andsat, multitemporal
		  (1975, 1990, 2000, 2014) {IR} 2017 Version 1.0},
  institution	= {Joint Research Centre of the European Commission},
  year		= {2017},
  url		= {http://cidportal.jrc.ec.europa.eu/ftp/jrc-opendata/GHSL/GHS_BUILT_LDSMT_GLOBE_R2015B/},
  ps-url	= {http://skp.jrc.cec.eu.int/skp/showPub?id=JRC109041}
}

@TechReport{	  kempeneers-etal2017tr-sandbox-use-cases,
  author	= {Kempeneers, P. and Syrris, V. and Rodriguez, D. and
		  Marletta, L. and De Marchi, D. and Burger, A. and Soille,
		  P.},
  title		= {Sandbox Computing Environment of the {JRC} Earth
		  Observation Data and Processing Platform: 2017 Use-Case
		  Report},
  institution	= {Joint Research Centre of the European Commission},
  year		= {2017},
  number	= {JRC110242},
  url		= {http://skp.jrc.cec.eu.int/skp/showPub?id=JRC110242}
}

@TechReport{	  demarchi-kempeneers-soille2017tr-user-manual,
  author	= {De Marchi, D. Kempeneers, P. and Soille, P.},
  title		= {JEODPP Interactive Library: User Guide. Release 1.0},
  url		= {http://skp.jrc.cec.eu.int/skp/showPub?id=JRC110356},
  institution	= {Joint Research Centre of the European Commission},
  year		= {2017},
  number	= {JRC110356}
}

@Article{	  kempeneers-soille2017bed,
  title		= {Optimizing {S}entinel-2 image selection in a Big Data
		  context},
  author	= {Kempeneers, P. and Soille, P.},
  journal	= {Big Earth Data},
  year		= {2017},
  number	= {1--2},
  pages		= {145--158},
  volume	= {1},
  doi		= {10.1080/20964471.2017.1407489}
}

@Misc{		  demarchi-kempeneers-soille2017geo,
  author	= {Kempeneers, P. and De Marchi, D. and Soille, P.},
  title		= {Big Geospatial Data for Policy},
  howpublished	= {Poster presented at the GEO-WEEK, Washington D.C.},
  year		= {2017}
}

@TechReport{	  burger-kliment-tognoli2017tr-internal,
  author	= {Burger, A. and Kliment, Tomas and Tognoli, Pier Valerio},
  title		= {JEODPP Data Ingestion and Management},
  institution	= {Joint Research Centre of the European Commission},
  year		= {2017},
  url		= {http://skp.jrc.cec.eu.int/skp/showPub?id=JRC110143},
  number	= {JRC110143}
}

@Book{		  castello-etal2017km4p,
  author	= {P. Castello and A. Belward and Goenaga Beldarrain, X. and
		  La Placa, G. and Lavalle, C. and Loekkemyhr, P. and Mair,
		  D. and Marcaletti, L. and Marin Ferrer, M. and Paruolo, P.
		  and Raykovska, M. and Saisana, M. and S. Schade and P.
		  Soille and D. Tarchi and V. Tarditi and X. Troussard and E.
		  Tzimas and F. Wastin and M. Wilikens and C. Wittwehr},
  ps-editor	= {P. Castello},
  title		= {Knowledge Management for Policy: Stocktaking of one year
		  of {JRC} activities},
  publisher	= {Joint Research Centre of the European Commission},
  year		= {2017},
  doi		= {10.2760/105829},
  number	= {JRC107777}
}

@InProceedings{	  edzer-etal2018egu,
  author	= {Pebesma, Edzer and Wagner, Wolfgang and Soille, Pierre and
		  Kadunc, Miha and Gorelick, Noel and Schramm, Matthias and
		  Verbesselt, Jan and Reiche, Johannes and Appel, Marius and
		  Dries, Jeroen and Jacob, Alexander and Neteler, Markus and
		  Gebbert, Soeren and Briese, Christian and Kempeneers,
		  Pieter},
  title		= {{openEO:} an open {API} for cloud-based big {E}arth
		  {O}bservation processing platforms},
  url		= {https://meetingorganizer.copernicus.org/EGU2018/EGU2018-4957-1.pdf},
  booktitle	= {Geophysical Research Abstracts},
  year		= {2018},
  volume	= {20},
  number	= {EGU2018-4957-1}
}

@InProceedings{	  burger-etal2018cs3,
  author	= {Burger, Armin amd Hasenohr, Paul and De Marchi, Davide and
		  Soille, Pierre},
  title		= {Integrated processing and sharing services for geospatial
		  data},
  doi		= {10.5281/zenodo.1157141},
  booktitle	= {Book of abstracts of CS3 2018 - Workshop on Cloud Storage
		  Synchronization and Sharing Services},
  year		= {2018},
  editor	= {Chan, Belinda},
  pages		= {9},
  publisher	= {CERN}
}

@InProceedings{	  burger-vasilev-soille2018eos,
  author	= {Burger, Armin and Veselin, Vasilev and Soille, Pierre},
  title		= {{EOS} as storage back-end for geospatial data analysis},
  url		= {https://indico.cern.ch/event/656157/contributions/2866322/attachments/1594530/2524833/CERN_EOS-WS_Burger_Vasilev_20180205.pdf},
  booktitle	= {CERN EOS Workshop},
  year		= {2018}
}

@Misc{		  schramm-etal2018phiweek,
  url		= {http://phiweek.esa.int/},
  author	= {Schramm, Matthias and Pebesma, Edzer and Wagner, Wolfgang
		  and Soille, Pierre and Kadunc, Miha and Gorelick, Noel and
		  Verbesselt, Jan and Reiche, Johannes and Appel, Marius and
		  Dries, Jeroen and Jacob, Alexander and Goesswein, Bernhard
		  and Neteler, Markus and Gebbert, Soeren and Briese,
		  Christian and Kempeneers, Pieter},
  title		= {{openEO} --- {C}ommon open source interface between
		  {E}arth {O}bservation data infrastructures {\&} front-end
		  applications},
  howpublished	= {Presentation at ESA Earth Observation
		  {$\mathbf{\phi}$}-week - EO Open Science and Future EO},
  month		= oct,
  year		= {2018}
}

@Article{	  syrris-etal2018tbd,
  author	= {Syrris, V. and Corbane, C. and Pesaresi, M. and Soille,
		  P.},
  title		= {Mosaicking {C}opernicus {S}entinel-1 data at global
		  scale},
  journal	= {IEEE Transactions on Big Data},
  year		= {2018},
  doi		= {10.1109/TBDATA.2018.2846265},
  optvolume	= {},
  optnumber	= {},
  optpages	= {},
  optmonth	= {}
}

@TechReport{	  syrris-etal2018s1mosaic,
  author	= {Syrris, V. and Corbane, C. and Pesaresi, M. and Soille,
		  P.},
  title		= {Mosaic of Copernicus {S}entinel-1 Data at Global Scale},
  institution	= {Joint Research Centre of the European Commission},
  year		= {2018},
  doi		= {10.2905/jrc-bigdataeoss-s1-mosaic},
  url		= {https://cidportal.jrc.ec.europa.eu/services/webview/jeodpp/databrowser/?default=jeodppS1Mosaic2016}
}

@Misc{		  demarchi-soille2018euroscipy,
  author	= {De Marchi, D. and Soille, P.},
  title		= {Big geospatial data visualization and analysis in
		  {J}upyter},
  howpublished	= {Presentation at the EuroSciPy 2018 conference, Trento,
		  Italy},
  month		= sep,
  year		= {2018}
}

@InProceedings{	  rodriguez-soille2018htcondor,
  author	= {Rodriguez, D. and Soille, P.},
  title		= {A versatile environment for large-scale geospatial data
		  processing with {HTCondor}},
  url		= {https://indico.cern.ch/event/611296/contributions/2604355/},
  booktitle	= {Book of abstracts of HTCondor European Conference 2018},
  year		= {2018},
  address	= {Oxford, UK},
  organization	= {RAL},
  publisher	= {CERN}
}

@Misc{		  soille2018dawos,
  url		= {https://ec.europa.eu/eurostat/cros/system/files/dawos18_lecture.soille.jeodpp.pdf},
  author	= {Soille, P.},
  title		= {The Big Data Platform Initiative of the {EC} {J}oint
		  {R}esearch {C}entre},
  howpublished	= {Presentation at the data analytics Workshop for official
		  statistics (daWos)},
  month		= sep,
  year		= {2018}
}

@Misc{		  soille-demarchi2018dawos,
  url		= {https://ec.europa.eu/eurostat/cros/system/files/dawos18_lecture.soille.jeodpp.pdf},
  author	= {Soille, P. and De Marchi, D.},
  title		= {Interactive Geospatial Data Analytics using {JupyterLab}},
  howpublished	= {Presentation at the data analytics Workshop for official
		  statistics (daWos)},
  month		= sep,
  year		= {2018}
}

@TechReport{	  syrris-etal2018tr,
  author	= {Syrris, V. and Pesek, O. and Burger, A. and Soille, P.},
  title		= {Assessing {GPU} performance by testing Deep Neural
		  Networks on Tensorflow and {K}eras},
  institution	= {Joint Research Centre of the European Commission},
  year		= {2018},
  number	= {JRC114930}
}

@TechReport{	  burger-kliment-hasenohr2018tr,
  author	= {Burger, A. and Kliment, T. and Hasenohr, P.},
  title		= {{JEODPP} Infrastructure Evolution and Data Management},
  institution	= {Joint Research Centre of the European Commission},
  year		= {2018},
  number	= {JRC115192}
}

@TechReport{	  kempeneers-etal2018tr-use-cases,
  author	= {Kempeneers, P. and Syrris, V. and Rodriguez, D. and
		  Marletta, L. and De Marchi, D. and Burger, A. and Soille,
		  P.},
  title		= {Sandbox Computing Environment of the {JRC} Earth
		  Observation Data and Processing Platform: 2018 Use-Case
		  Report},
  institution	= {Joint Research Centre of the European Commission},
  year		= {2018},
  number	= {JRC116686}
}

@Article{	  uhl-etal2018ijde,
  author	= {Uhl, Johannes H. and Zoraghein, Hamidreza and Leyk, Stefan
		  and Balk, Deborah and Corbane, Christina and Syrris,
		  Vasileios and Florczyk, Aneta J.},
  title		= {Exposing the urban continuum: implications and
		  cross-comparison from an interdisciplinary perspective},
  journal	= {International Journal of Digital Earth},
  volume	= {0},
  number	= {0},
  pages		= {1-23},
  year		= {2018},
  doi		= {10.1080/17538947.2018.1550120}
}

@InProceedings{	  burger-etal2019cs3,
  author	= {Burger, Armin amd Hasenohr, Paul and De Marchi, Davide and
		  Soille, Pierre},
  title		= {Advanced geo-spatial data analysis with {J}upyter},
  doi		= {10.5281/zenodo.2545482},
  booktitle	= {Book of abstracts of CS3 2019 - Workshop on Cloud Storage
		  Synchronization and Sharing Services},
  year		= {2019},
  editor	= {Chan, Belinda},
  pages		= {43},
  publisher	= {CERN}
}

@InProceedings{	  burger2019eos,
  author	= {Burger, A.},
  title		= {{EOS} as storage back-end for {JRC} scientific data
		  processing},
  url		= {https://cds.cern.ch/record/2659480},
  booktitle	= {EOS Workshop},
  year		= {2019},
  editor	= {CERN},
  month		= feb
}

@Misc{		  soille2019bids_slides,
  author	= {Soille, P.},
  title		= {Big Data at JRC},
  url		= {https://az659834.vo.msecnd.net/eventsairwesteuprod/production-nikal-public/fad098b050c6446c8cd7056361c60892},
  howpublished	= {Presentation at the opening session of the 2019 Big Data
		  from Space conference (BiDS'19)},
  year		= {2019},
  month		= feb
}

@InProceedings{	  demarchi-soille2019bids_short,
  author	= {De Marchi, D. and Soille, P.},
  title		= {Advances in interactive processing and visualisation with
		  {J}upyter{L}ab on the {JRC} Big Data Platform ({JEODPP})},
  pages		= {45-48},
  doi		= {10.5281/zenodo.3239239},
  booktitle	= {Proc. of BiDS'19},
  year		= {2019}
}

@Misc{		  demarchi-soille2019bids_slides,
  author	= {De Marchi, D. and Soille, P.},
  title		= {Advances in interactive processing and visualisation with
		  {J}upyter{L}ab on the {JRC} Big Data Platform ({JEODPP})},
  url		= {https://az659834.vo.msecnd.net/eventsairwesteuprod/production-nikal-public/e19a3c2756ab4b4aaa2f4be8bd71ff51},
  howpublished	= {Presentation at the 2019 Big Data from Space conference
		  (BiDS'19)},
  year		= {2019},
  month		= feb
}

@InProceedings{	  corbane-etal2019bids_short,
  author	= {Corbane, C. and Panagiotis, P. and Kempeneers, P. and
		  Pesaresi, M. and Rodriguez, D. and Syrris, V. and Soille,
		  P.},
  title		= {Automatic image data analytics from a global {S}entinel-2
		  composite for the study of human settlements},
  pages		= {89-92},
  url		= {https://cidportal.jrc.ec.europa.eu/services/shared/pdfs/corbane-etal2019bids.pdf},
  doi		= {10.2760/848593},
  booktitle	= {Proc. of BiDS'19},
  year		= {2019}
}

@Misc{		  corbane-etal2019bids_slides,
  author	= {Corbane, C. and Panagiotis, P. and Kempeneers, P. and
		  Pesaresi, M. and Rodriguez, D. and Syrris, V. and Soille,
		  P.},
  title		= {Automatic image data analytics from a global {S}entinel-2
		  composite for the study of human settlements},
  howpublished	= {Presentation at the 2019 Big Data from Space conference
		  (BiDS'19)},
  url		= {https://az659834.vo.msecnd.net/eventsairwesteuprod/production-nikal-public/da34c89c72a3409f8a7921b42217903b},
  year		= {2019},
  month		= feb
}

@InProceedings{	  schramm-etal2019bids_short,
  author	= {Schramm, Matthias and Pebesma, Edzer and Wagner, Wolfgang
		  and Verbesselt, Jan and Dries, Jeroen and Briese, Christian
		  and Jacob, Alexander and Mohr, Matthias and Neteler, Markus
		  and Mistelbauer, Thomas and Miksa Tomasz and Gebbert,
		  Sören and Gößwein, Bernhard and Kadunc, Miha and
		  Kempeneers, Pieter and Gorelick, Noel},
  title		= {{openEO} ---{A} Standardised Connection to and between
		  Earth Observation Service Providers},
  pages		= {229-232},
  doi		= {10.5281/zenodo.2601916},
  booktitle	= {Proc. of BiDS'19},
  year		= {2019}
}

@Proceedings{	  soille-loekken-albani2019bids,
  title		= {Proc. of the 2019 Conference on Big Data from Space
		  (BiDS'19)},
  year		= {2019},
  doi		= {10.2760/848593},
  editor	= {Soille, P. and Loekken, S. and Albani, S.},
  address	= {Munich, Germany},
  month		= feb,
  organization	= {ESA-JRC-SatCen},
  publisher	= {Publications Office of the European Union}
}

@InProceedings{	  kempeneers-soille2019lps,
  author	= {Kempeneers, P. and Soille. P.},
  title		= {Full resolution global {S}entinel-2 mosaics: an effective
		  and efficient method based on quicklooks and cloud masks},
  url		= {},
  booktitle	= {Living Planet Symposium},
  year		= {2019},
  number	= {}
}

@InProceedings{	  verheggen-etal2019lps,
  author	= {Verheggen, A. and Janouskova, K. and Syrris, V. and
		  Combal, B. and Hugh, E. and Achard, F.},
  title		= {Mapping {A}frican dry forests with {S}entinel 1 and 2 time
		  series: a case study over {T}anzania},
  url		= {},
  booktitle	= {Living Planet Symposium},
  year		= {2019},
  number	= {}
}

@InProceedings{	  edzer-etal2019egu,
  author	= {Pebesma, Edzer and Wagner, Wolfgang and Soille, Pierre and
		  Kadunc, Miha and Gorelick, Noel and Schramm, Matthias and
		  Verbesselt, Jan and Reiche, Johannes and Mohr, Matthias and
		  Dries, Jeroen and Jacob, Alexander and Neteler, Markus and
		  Gebbert, Soeren and Briese, Christian and Kempeneers,
		  Pieter},
  title		= {{openEO:} analyses Earth Observation data based on
		  user-defined raster and vector data cube views},
  url		= {https://meetingorganizer.copernicus.org/EGU2019/EGU2019-9737.pdf},
  booktitle	= {Geophysical Research Abstracts},
  year		= {2019},
  volume	= {20},
  number	= {EGU2019-9737}
}

@Article{	  syrris-etal2019rs,
  author	= {Syrris, V. and Hasenohr, P. and Delipetrev, B. and Kotsev,
		  A. and Soille, P.},
  title		= {Evaluation of the potential of convolutional neural
		  networks and random forests for multi-class segmentation of
		  {S}entinel-2 imagery},
  journal	= {Remote Sensing},
  year		= {2019},
  doi		= {10.3390/rs11080907},
  url		= {https://cidportal.jrc.ec.europa.eu/services/webview/jeodpp/ml-showcase/},
  volume	= {11},
  number	= {8},
  pages		= apr
}

@Article{	  corbane-etal2019bed,
  title		= {Automated global delineation of human settlements from 40
		  years of {L}andsat satellite data archive},
  author	= {Corbane, Christina and Pesaresi, Martino and Kemper,
		  Thomas and Politis, Panagiotis and Florczyk, Aneta J. and
		  Syrris, Vasileios and Melchiorri, Michele and Sabo, Filip
		  and Soille, Pierre},
  journal	= {Big Earth Data},
  year		= {2019},
  volume	= {3},
  number	= {2},
  pages		= {140-169},
  doi		= {10.1080/20964471.2019.1625528}
}

@Article{	  sabo-etal2019grsl,
  author	= {Sabo, F. and Corbane, C. and Syrris, V. and Kemper, T. and
		  Politis, P. and Pesaresi, M. and Soille, P. and Os\'e, K.},
  title		= {Application of the Symbolic Machine Learning to
		  {C}opernicus {VHR} Imagery: The {E}uropean Settlement Map},
  journal	= {Geoscience and Remote Sensing Letters},
  year		= {2019},
  optkey	= {},
  optvolume	= {},
  optnumber	= {},
  optpages	= {},
  optmonth	= {},
  optannote	= {}
}

@TechReport{	  kempeneers-soille2019s2l2amosaic,
  author	= {Kempeneers, P. and Soille, P.},
  title		= {Global mosaic of Copernicus Sentinel-2 L2A data 2017},
  institution	= {Joint Research Centre of the European Commission},
  year		= {2019},
  optdoi	= {},
  url		= {}
}

@TechReport{	  nativi-losada2019tr,
  author	= {Anderberg, Amanda and Asturiol, Bofill David and Baldini,
		  Gianmarco and Breyiannis, George and Cardona, Melisande and
		  Castillo, Carlos and Charisi, Vasiliki and Checchi, Enrico
		  and Christidis, Panayotis and Coisel, Iwen and Corban,
		  Christina and Cotelo, Lema Jose Antonio and D'andrimont,
		  Raphael and De, Prato Giuditta and Delipetrev, Blagoj and
		  Devos, Wim and Dewandre, Nicole and Dimitrova, Tatyana and
		  Dottori, Francesco and Duch, Brown Nestor and Enescu,
		  Valentin and Ferrara, Pasquale and Fidalgo, Merino Raul and
		  Gabrielli, Lorenzo and Galbally, Herrero Javier and
		  Geneiatakis, Dimitrios and Giuliani, Raimondo and Gomez
		  Gutierrez, Emilia and Gomez Losada, Alvaro and Hradec, Jiri
		  and Iglesias Portela, Maria and Ignat, Camelia and
		  Junklewitz, Henrik and Kalas, Milan and Kemper, Thomas and
		  Kotsev, Alexander and Kreysa, Joachim and Lavaysse,
		  Christophe and Lemoine, Guido and Lopez, Cobo Montserrat
		  and Lorini, Valerio and Martens, Bertin and Miron, Marius
		  and Nai, Fovino Igor and Nappo, Domenico and Natale,
		  Fabrizio and Nativi, Stefano and Nukaj, Bledi and Pedone,
		  Mauro and Perrotta, Domenico and Pesaresi, Martino and
		  Petrillo, Mauro and Poulymenopoulou, Mikaela and Psyllos,
		  Apostolos and Righi, Riccardo and Salamon, Peter and
		  Samoili, Sofia and Sanchez Belenguer, Carlos and Sanchez,
		  Martin Jose Ignacio and Sequeira, Vitor and Soille, Pierre
		  and Spyratos, Spyridon and Steri, Gary and Tirelli, Daniel
		  and Triaille, Jean-Paul and Tolan, Songul and Toreti,
		  Andrea and Tsois, Aris and Vakalis, Ioannis and Van Der
		  Velde, Marijn and Vespe, Michele and Wittwehr, Clemens},
  title		= {Artificial Intelligence at {JRC}},
  institution	= {Joint Research Centre of the European Commission},
  year		= {2019},
  doi		= {10.2760/705074}
}
